2054 3197
173 248 224 298 58

289 367 372 409 GE.

728 241 975 276 TERENTI
1014 239 1284 274 PHORMIO.

400 367 500 408 Tun
524 365 701 408 dixeras
725 366 857 407 huic?
893 364 1060 406 facinus
1085 361 1330 417 indignum,
1355 362 1584 411 Chremes,

404 437 477 478 Sic
502 435 746 477 circumiri!
786 435 873 476 CH.
908 435 958 475 Id
983 447 1084 474 cum
1107 432 1191 473 hoc
1215 433 1404 486 agebam
1429 430 1730 472 commodum.

171 507 251 548 015
285 506 369 548 GE.
401 507 518 547 Nam
549 506 697 546 hercle
727 506 812 558 e'go
843 518 1024 558 quoque
1058 504 1100 544 id
1135 502 1315 556 quidem
1348 500 1521 555 agitans
1554 515 1730 542 mecum

174 1062 256 1103 620

176 1476 258 1519 (325

176 1967 257 2007 630

174 2382 254 2422 03«)

288 784 376 825 DE.

290 991 372 1034 GE.

289 1617 382 1658 ΑΝ.

288 2450 377 2491 ΑΝ.

490 576 646 617 sedulo
985 614 991 619 ,

405 645 576 694 Inueni,
621 645 792 699 opinor,
843 642 1087 683 remedium
1134 641 1238 682 huic
1294 641 1368 681 rei.
1452 639 1540 682 CH.
1596 638 1732 693 Quid,

493 714 634 755 Geta?

409 784 544 837 Quod
566 783 840 824 remedium?
891 781 975 823 GE.
1004 781 1064 822 Vt
1082 781 1168 821 abii
1187 779 1266 821 zibs
1284 787 1340 827 te,
1360 779 1409 820 fit
1427 779 1538 820 forte
1553 777 1733 819 obuiam

405 854 517 894 Mihi
564 851 787 894 Phormio,
867 851 956 892 CH.
1002 850 1090 903 Qui
1135 849 1371 891 Phormio?
1435 850 1523 890 DE.
1570 848 1613 890 Is
1657 848 1733 902 qui

497 921 646 964 istzinc.
712 922 799 963 CH.
835 921 953 962 Scio.

405 991 606 1033 Visumst
630 992 701 1040 mi,
727 998 775 1032 ut
798 992 891 1032 eius
915 991 1182 1044 temptarem
1207 989 1484 1030 sententiam.

406 1063 579 1103 Prendo
634 1060 861 1101 hominem
919 1060 1087 1101 solum:
1157 1064 1165 1079 ⁴
1184 1057 1295 1113 quor
1357 1056 1470 1099 non'
1537 1057 1731 1112 inquam,

494 1138 501 1152 ⁸
521 1129 740 1178 Phormio,

404 1201 554 1249 Vides,
580 1201 691 1241 inter
714 1214 794 1240 nos
818 1198 879 1240 sic
902 1199 1013 1240 haec
1037 1199 1185 1253 potius
1209 1196 1310 1239 cum
1334 1198 1454 1238 bona

405 1271 466 1311 Vt
488 1269 811 1323 componamus
836 1268 975 1323 grzitia
998 1282 1132 1322 quam
1157 1266 1258 1308 cum
1284 1268 1426 1308 mala?

407 1340 521 1380 Erus
545 1339 735 1380 liberalis
758 1340 824 1379 est
847 1346 890 1379 et
913 1338 1105 1391 fugitans
1130 1337 1296 1387 litium;

405 1409 521 1449 Nam
545 1409 676 1450 ceteri
701 1409 882 1463 quidem
907 1408 1053 1448 hercle
1078 1408 1207 1448 amici
1233 1408 1387 1448 omne's
1413 1407 1548 1447 modo

405 1479 506 1520 Vno
568 1477 643 1519 ore
706 1485 909 1518 auctores
972 1477 1104 1526 fuere,
1161 1484 1208 1518 ut
1265 1477 1556 1531 praecipitem
1621 1475 1733 1517 lizinc

494 1548 644 1589 daret.’

411 1617 532 1671 Quid
564 1618 634 1658 hic
664 1618 844 1671 coeptat
874 1623 949 1658 aut
978 1630 1067 1671 quo
1095 1614 1257 1657 euz'idet
1288 1616 1451 1657 hodie?
1513 1615 1597 1657 GE.
1633 1614 1734 1656 ‘An

499 1687 671 1740 legibus

406 1755 627 1798 Daturum
651 1770 820 1810 poenas
844 1755 978 1804 dices,
1003 1756 1036 1796 si
1062 1755 1179 1796 illam
1204 1756 1409 1796 eiecerit?

408 1827 503 1866 Iam
527 1827 570 1867 id
593 1826 943 1880 exploratumst:
983 1824 1093 1872 heia,
1118 1824 1299 1865 sudabis
1324 1826 1442 1873 satis,

408 1896 454 1936 Si
478 1910 580 1936 cum
605 1895 678 1936 illo
703 1896 901 1949 inceptas
925 1893 1128 1936 homine:
1168 1909 1220 1935 ea
1243 1895 1552 1949 eloquentiast.

404 1964 570 2006 Verum
596 1979 717 2019 pono
742 1979 837 2005 esse
863 1963 1029 2005 uictum
1055 1978 1180 2013 eum;
1221 1971 1264 2005 at
1287 1964 1467 2005 tandem
1492 1971 1642 2005 tamen

404 2035 507 2075 Non
532 2033 688 2089 czipitis
713 2035 751 2074 ei
776 2048 843 2074 res
866 2032 1024 2087 Agitur,
1049 2035 1126 2074 sed
1151 2032 1394 2087 pecuniae!

406 2105 647 2158 Postquam
672 2102 898 2144 hominem
922 2103 989 2143 his
1014 2104 1161 2143 uerbis
1185 2104 1327 2144 sentio
1353 2101 1574 2150 mollirier,

406 2177 415 2193 ‘
436 2172 530 2214 Soli
572 2187 725 2213 sumus
769 2186 885 2213 nunc
934 2172 1029 2213 hic’
1075 2171 1279 2226 inquam:
1338 2176 1347 2193 ‘
1363 2172 1463 2220 eho,
1507 2172 1578 2213 dic
1629 2171 1735 2225 quid

495 2241 560 2282 uis
594 2243 687 2283 dari

404 2311 504 2352 Tibi
530 2311 571 2351 in
595 2325 788 2359 manum,
814 2318 861 2352 ut
885 2325 984 2352 erus
1008 2310 1075 2351 his
1099 2311 1282 2352 desistat
1305 2309 1465 2358 litibus,

410 2381 535 2421 Haec
559 2380 660 2421 hinc
687 2381 885 2428 facessat,
910 2379 955 2421 tu
982 2380 1193 2420 molestus
1219 2381 1270 2420 ne
1294 2380 1407 2420 sies?
1429 2380 1434 2393 ’

411 2450 535 2491 Satin
561 2450 619 2490 illi
644 2451 686 2490 di
712 2457 813 2490 sunt
837 2448 1044 2503 pnfipitii?
1109 2449 1190 2490 GE.
1225 2453 1234 2469 ‘
1253 2449 1369 2488 Nam
1392 2447 1458 2489 scit
1482 2449 1588 2497 scio,

408 2520 453 2561 Si
477 2528 522 2560 tu
547 2518 741 2573 Aliquam
766 2526 936 2572 partem
962 2517 1092 2572 aequi
1116 2519 1311 2571 bonique
1336 2517 1514 2565 dixeris,

406 2590 465 2630 Vt
488 2596 554 2630 est
578 2589 647 2629 ille
672 2590 816 2629 bonus
841 2589 918 2635 uir,
943 2587 1024 2628 tria
1048 2601 1134 2627 non
1159 2586 1490 2627 commiltzibitis

405 2659 557 2699 Verba
601 2657 729 2699 hodie
773 2658 885 2698 inter
930 2656 1037 2698 uos.’
1100 2657 1186 2697 DE.
1222 2655 1333 2709 Quis
1366 2663 1408 2697 te
1443 2656 1577 2696 istaec
1612 2655 1736 2697 iussit

495 2728 646 2782 loqui?

1812 516 1847 540 10

1815 1072 1851 1105 ι5

1811 2396 1852 2428 30
