2054 3197
191 242 242 281 14

187 632 268 673 170

292 978 386 1020 AN.

754 224 999 259 TERENTI
1039 221 1306 258 PHORMIO.

419 352 479 394 Vt
502 366 555 393 ne
578 350 753 398 addam,
775 350 896 405 quod
920 350 1013 389 sine
1037 347 1216 402 sumptu
1242 348 1494 400 ingenuam,
1515 343 1741 386 liberalem

507 420 662 462 nectus
687 435 745 468 es,

422 490 557 546 Quod
592 490 741 538 habe's,
766 490 824 529 ita
857 494 905 529 ut
925 486 1128 534 voluisti,
1152 499 1339 526 uxorem
1366 483 1459 525 sine
1488 484 1604 524 mala
1627 482 1743 524 famzi

507 560 653 614 palam
673 573 680 599 :

418 629 594 678 Beastus,
612 629 653 668 ni
671 641 807 668 unum
821 615 945 674 desit,
963 627 1136 666 animus
1152 623 1228 678 qui
1251 624 1452 665 modeste
1468 623 1602 664 istaec
1621 623 1741 664 ferat.

420 698 555 754 Quod
599 697 634 739 εἰ
676 698 755 739 tibi
800 710 867 737 res
909 697 965 736 sit
1008 708 1107 735 cum
1151 692 1203 734 eo
1245 694 1403 734 lenone
1447 691 1536 748 quo
1579 693 1741 740 mihist,

506 776 600 810 tum
635 768 810 808 se'ntias.
1420 759 1423 761 ’

420 839 487 880 Ita
521 838 718 893 plerique
756 849 911 877 omnes
948 833 1101 876 sumus
1139 834 1342 887 ingenio:
1393 831 1529 874 n6stri
1568 838 1744 873 nosmet

507 908 713 962 paenitet.

420 978 483 1019 At
506 976 551 1019 tu
576 977 681 1018 mihi
706 983 861 1017 contra
884 973 1001 1016 nunc
1025 975 1176 1027 uidere
1201 972 1460 1022 fertunatus,
1484 972 1711 1013 Phaedria.

421 1047 541 1102 Quoi
565 1048 619 1088 de
650 1045 822 1104 integro
853 1052 919 1086 est
950 1045 1148 1099 potestas
1180 1044 1312 1084 etiam
1337 1040 1611 1090 consulendi,
1636 1040 1743 1096 quid

506 1117 639 1157 uelis:
713 1104 719 1105 ⁷

420 1186 626 1227 Retinere
669 1199 860 1226 amorem
904 1199 959 1225 an
1002 1182 1200 1233 mittere;
1254 1197 1339 1237 ego
1384 1183 1427 1223 in
1469 1195 1573 1222 eum
1611 1179 1743 1222 incidi

507 1254 659 1296 infelix
694 1255 857 1303 locum,

419 1326 480 1367 Vt
503 1326 645 1380 neque
669 1325 774 1366 mihi
798 1326 891 1366 eius
914 1325 969 1365 sit
991 1323 1223 1365 zimittendi
1248 1323 1328 1364 nec
1352 1321 1567 1363 retinendi
1591 1319 1730 1375 copia.

420 1396 509 1439 Sed
533 1395 639 1450 quid
664 1396 749 1436 hoc
772 1400 866 1437 est?
900 1396 1062 1436 uideon
1086 1395 1171 1448 ego
1196 1393 1357 1435 Getam
1382 1393 1632 1434 currentem
1656 1392 1742 1432 huc

507 1465 746 1507 aduenire?

422 1536 463 1577 Is
497 1544 562 1577 est
594 1535 728 1590 ipsus.
792 1536 845 1585 ei,
873 1533 1008 1577 timeo
1042 1536 1187 1584 miser,
1213 1548 1347 1589 quam
1381 1533 1453 1574 hic
1487 1531 1594 1573 mihi
1627 1545 1743 1573 nunc

508 1606 678 1647 nuntiet
708 1619 813 1646 rem.

592 1808 725 1850 GETA
844 1807 1076 1849 ANTIPHO
1198 1809 1456 1849 PHAEDRIA

582 1908 735 1933 SERVOS
802 1907 1121 1933 ADVLESCENTES
1312 1907 1340 1932 11

302 2019 385 2061 GE.
418 2018 576 2060 Nullus
620 2034 678 2067 es,
725 2018 855 2067 Geta*
894 2021 975 2061 nisi
1020 2022 1107 2061 iam
1151 2020 1331 2074 aliquod
1375 2019 1455 2061 tibi
1509 2019 1742 2060 consilium

190 2159 270 2199 180

297 2438 387 2479 ΛΝ.

508 2091 649 2130 celere
686 2091 874 2144 reperis:

422 2148 490 2200 fta
513 2173 627 2200 nunc
652 2158 899 2213 inpara'tum
923 2160 1070 2201 subito
1095 2159 1215 2201 tz'mta
1238 2167 1280 2201 tc
1306 2160 1549 2214 inpendent
1573 2159 1709 2207 mala3

423 2227 550 2281 Quae
585 2229 727 2282 neque
762 2230 822 2270 uti
858 2230 1052 2283 deu-item
1086 2231 1178 2270 scio
1213 2243 1357 2283 neque
1381 2227 1470 2282 quo'
1504 2229 1640 2269 modo
1674 2241 1744 2268 me

511 2298 612 2338 inde
647 2299 905 2346 extraham3

424 2367 540 2408 Nam
566 2366 650 2407 non
676 2375 823 2421 potest
846 2366 975 2408 celc'iri
1002 2375 1150 2408 nostra
1173 2366 1336 2408 diutius
1362 2368 1446 2407 iam
1471 2365 1668 2407 audz'tcia.

425 2436 544 2490 Quid
570 2437 654 2478 {llic
679 2435 930 2477 commotus
955 2438 1102 2477 uenit?

307 2507 390 2548 GE.
425 2507 540 2547 Turn
569 2507 781 2561 temporis
810 2507 915 2546 mihi
947 2505 1162 2560 punctum
1188 2507 1241 2546 ad
1266 2506 1379 2546 hanc
1405 2519 1495 2546 rem
1519 2512 1606 2546 est:
1645 2505 1744 2546 erus

513 2578 647 2617 adest.
712 2576 804 2617 ΑΝ.
840 2575 959 2629 Quid
986 2574 1086 2616 illuc
1113 2576 1283 2616 malist?

194 2648 272 2687 185
309 2647 393 2688 GE.
430 2645 562 2701 Quod
581 2658 723 2700 ‘quom
753 2646 952 2693 audierit,
978 2644 1096 2699 quod
1125 2646 1218 2686 eius
1250 2645 1495 2687 remedium
1524 2643 1744 2698 inuenjam

516 2714 796 2757 iracundiae?
