<?xml version="1.0" encoding="UTF-8"?>
<!DOCTYPE html PUBLIC "-//W3C//DTD XHTML 1.0 Transitional//EN"
    "http://www.w3.org/TR/xhtml1/DTD/xhtml1-transitional.dtd">
<html xmlns="http://www.w3.org/1999/xhtml" xml:lang="en" lang="en">
 <head>
  <title>
</title>
<meta http-equiv="Content-Type" content="text/html;charset=utf-8" />
  <meta name='ocr-system' content='tesseract 3.04.00' />
  <meta name='ocr-capabilities' content='ocr_page ocr_carea ocr_par ocr_line ocrx_word'/>
</head>
<body>
  <div class='ocr_page' id='page_1' title='image "./phormiotranslate00tereuoft_0062.png"; bbox 0 0 2054 3197; ppageno 0'>
   <div class='ocr_carea' id='block_1_1' title="bbox 183 339 268 383">
    <p class='ocr_par' dir='ltr' id='par_1_1' title="bbox 183 339 268 383">
     <span class='ocr_line' id='line_1_1' title="bbox 183 339 268 383; baseline 0.012 -1"><span class='ocrx_word' id='word_1_1' title='bbox 183 339 268 383; x_wconf 74' lang='lat'>425</span> 
     </span>
    </p>
   </div>
   <div class='ocr_carea' id='block_1_2' title="bbox 302 480 390 593">
    <p class='ocr_par' dir='ltr' id='par_1_2' title="bbox 302 480 390 593">
     <span class='ocr_line' id='line_1_2' title="bbox 304 480 388 522; baseline -0.024 0"><span class='ocrx_word' id='word_1_2' title='bbox 304 480 388 522; x_wconf 80' lang='lat' dir='ltr'>GE.</span> 
     </span>
     <span class='ocr_line' id='line_1_3' title="bbox 302 551 390 593; baseline 0.011 -2"><span class='ocrx_word' id='word_1_3' title='bbox 302 551 390 593; x_wconf 79' lang='lat' dir='ltr'>DE.</span> 
     </span>
    </p>
   </div>
   <div class='ocr_carea' id='block_1_3' title="bbox 182 829 266 870">
    <p class='ocr_par' dir='ltr' id='par_1_3' title="bbox 182 829 266 870">
     <span class='ocr_line' id='line_1_4' title="bbox 182 829 266 870; baseline 0 -1"><span class='ocrx_word' id='word_1_4' title='bbox 182 829 266 870; x_wconf 84' lang='lat'>430</span> 
     </span>
    </p>
   </div>
   <div class='ocr_carea' id='block_1_4' title="bbox 302 1108 383 1149">
    <p class='ocr_par' dir='ltr' id='par_1_4' title="bbox 302 1108 383 1149">
     <span class='ocr_line' id='line_1_5' title="bbox 302 1108 383 1149; baseline -0.012 0"><span class='ocrx_word' id='word_1_5' title='bbox 302 1108 383 1149; x_wconf 84' lang='lat' dir='ltr'>PH.</span> 
     </span>
    </p>
   </div>
   <div class='ocr_carea' id='block_1_5' title="bbox 180 1248 381 1290">
    <p class='ocr_par' dir='ltr' id='par_1_5' title="bbox 180 1248 381 1290">
     <span class='ocr_line' id='line_1_6' title="bbox 180 1248 381 1290; baseline 0 -2"><span class='ocrx_word' id='word_1_6' title='bbox 180 1248 264 1290; x_wconf 79' lang='lat'>435</span> <span class='ocrx_word' id='word_1_7' title='bbox 297 1249 381 1289; x_wconf 83' lang='lat' dir='ltr'>DE.</span> 
     </span>
    </p>
   </div>
   <div class='ocr_carea' id='block_1_6' title="bbox 300 1528 382 1568">
    <p class='ocr_par' dir='ltr' id='par_1_6' title="bbox 300 1528 382 1568">
     <span class='ocr_line' id='line_1_7' title="bbox 300 1528 382 1568; baseline -0.024 0"><span class='ocrx_word' id='word_1_8' title='bbox 300 1528 382 1568; x_wconf 81' lang='lat' dir='ltr'>PH.</span> 
     </span>
    </p>
   </div>
   <div class='ocr_carea' id='block_1_7' title="bbox 181 1666 265 1707">
    <p class='ocr_par' dir='ltr' id='par_1_7' title="bbox 181 1666 265 1707">
     <span class='ocr_line' id='line_1_8' title="bbox 181 1666 265 1707; baseline 0 0"><span class='ocrx_word' id='word_1_9' title='bbox 181 1666 265 1707; x_wconf 74' lang='lat'>440</span> 
     </span>
    </p>
   </div>
   <div class='ocr_carea' id='block_1_8' title="bbox 745 214 1302 251">
    <p class='ocr_par' dir='ltr' id='par_1_8' title="bbox 745 214 1302 251">
     <span class='ocr_line' id='line_1_9' title="bbox 745 214 1302 251; baseline -0.005 0"><span class='ocrx_word' id='word_1_10' title='bbox 745 216 995 251; x_wconf 87' lang='lat' dir='ltr'>TERENTI</span> <span class='ocrx_word' id='word_1_11' title='bbox 1034 214 1302 251; x_wconf 88' lang='lat' dir='ltr'>PHORMIO.</span> 
     </span>
    </p>
   </div>
   <div class='ocr_carea' id='block_1_9' title="bbox 417 336 1746 880">
    <p class='ocr_par' dir='ltr' id='par_1_9' title="bbox 417 336 1746 452">
     <span class='ocr_line' id='line_1_10' title="bbox 417 336 1746 396; baseline -0.003 -13"><span class='ocrx_word' id='word_1_12' title='bbox 417 341 515 383; x_wconf 83' lang='lat' dir='ltr'>Aut</span> <span class='ocrx_word' id='word_1_13' title='bbox 570 339 753 396; x_wconf 85' lang='lat' dir='ltr'>quidem</span> <span class='ocrx_word' id='word_1_14' title='bbox 811 356 913 382; x_wconf 89' lang='lat' dir='ltr'>eum</span> <span class='ocrx_word' id='word_1_15' title='bbox 968 355 1110 382; x_wconf 85' lang='lat' dir='ltr'><strong>uxore</strong></span> <span class='ocrx_word' id='word_1_16' title='bbox 1168 340 1251 380; x_wconf 83' lang='lat' dir='ltr'>hac</span> <span class='ocrx_word' id='word_1_17' title='bbox 1298 339 1446 394; x_wconf 81' lang='lat' dir='ltr'>ipsum</span> <span class='ocrx_word' id='word_1_18' title='bbox 1496 336 1746 393; x_wconf 79' lang='lat' dir='ltr'><strong>prohibebc&#39;&gt;</strong></span> 
     </span>
     <span class='ocr_line' id='line_1_11' title="bbox 509 412 660 452; baseline -0.013 0"><span class='ocrx_word' id='word_1_19' title='bbox 509 412 660 452; x_wconf 91' lang='lat' dir='ltr'>domo.</span> 
     </span>
    </p>

    <p class='ocr_par' dir='ltr' id='par_1_10' title="bbox 422 478 1497 522">
     <span class='ocr_line' id='line_1_12' title="bbox 422 478 1497 522; baseline -0.005 0"><span class='ocrx_word' id='word_1_20' title='bbox 422 479 566 522; x_wconf 56' lang='lat' dir='ltr'>Irritus</span> <span class='ocrx_word' id='word_1_21' title='bbox 590 487 668 522; x_wconf 84' lang='lat' dir='ltr'><strong>est.</strong></span> <span class='ocrx_word' id='word_1_22' title='bbox 733 481 816 522; x_wconf 83' lang='lat' dir='ltr'>PH.</span> <span class='ocrx_word' id='word_1_23' title='bbox 851 481 918 522; x_wconf 91' lang='lat' dir='ltr'>Tu</span> <span class='ocrx_word' id='word_1_24' title='bbox 942 481 984 522; x_wconf 86' lang='lat' dir='ltr'>te&#39;</span> <span class='ocrx_word' id='word_1_25' title='bbox 1008 481 1125 521; x_wconf 90' lang='lat' dir='ltr'>idem</span> <span class='ocrx_word' id='word_1_26' title='bbox 1150 480 1306 520; x_wconf 84' lang='lat' dir='ltr'>melius</span> <span class='ocrx_word' id='word_1_27' title='bbox 1331 478 1497 519; x_wconf 77' lang='lat' dir='ltr'><strong>feceris.</strong></span> 
     </span>
    </p>

    <p class='ocr_par' dir='ltr' id='par_1_11' title="bbox 421 547 1504 604">
     <span class='ocr_line' id='line_1_13' title="bbox 421 547 1504 604; baseline -0.005 -12"><span class='ocrx_word' id='word_1_28' title='bbox 421 550 519 592; x_wconf 82' lang='lat' dir='ltr'>Itan</span> <span class='ocrx_word' id='word_1_29' title='bbox 543 550 589 591; x_wconf 82' lang='lat' dir='ltr'>e&#39;s</span> <span class='ocrx_word' id='word_1_30' title='bbox 613 557 793 604; x_wconf 81' lang='lat' dir='ltr'>paratus</span> <span class='ocrx_word' id='word_1_31' title='bbox 816 547 960 591; x_wconf 52' lang='lat' dir='ltr'><strong>facere</strong></span> <span class='ocrx_word' id='word_1_32' title='bbox 984 564 1054 590; x_wconf 91' lang='lat' dir='ltr'>me</span> <span class='ocrx_word' id='word_1_33' title='bbox 1078 550 1318 589; x_wconf 83' lang='lat' dir='ltr'>aduorsum</span> <span class='ocrx_word' id='word_1_34' title='bbox 1343 547 1504 594; x_wconf 65' lang='lat' dir='ltr'>emnia,</span> 
     </span>
    </p>

    <p class='ocr_par' dir='ltr' id='par_1_12' title="bbox 420 617 1532 665">
     <span class='ocr_line' id='line_1_14' title="bbox 420 617 1532 665; baseline -0.004 -4"><span class='ocrx_word' id='word_1_35' title='bbox 420 620 610 661; x_wconf 78' lang='lat' dir='ltr'>Infelix?</span> <span class='ocrx_word' id='word_1_36' title='bbox 644 620 725 660; x_wconf 86' lang='lat' dir='ltr'>PH.</span> <span class='ocrx_word' id='word_1_37' title='bbox 762 619 925 661; x_wconf 84' lang='lat' dir='ltr'><strong>Metuit</strong></span> <span class='ocrx_word' id='word_1_38' title='bbox 947 618 1018 660; x_wconf 83' lang='lat' dir='ltr'>hic</span> <span class='ocrx_word' id='word_1_39' title='bbox 1043 633 1135 665; x_wconf 81' lang='lat' dir='ltr'>nos,</span> <span class='ocrx_word' id='word_1_40' title='bbox 1159 626 1248 659; x_wconf 81' lang='lat' dir='ltr'>tam</span> <span class='ocrx_word' id='word_1_41' title='bbox 1274 619 1353 659; x_wconf 81' lang='lat' dir='ltr'>etsi</span> <span class='ocrx_word' id='word_1_42' title='bbox 1377 617 1532 657; x_wconf 80' lang='lat' dir='ltr'><strong>se&#39;dulo</strong></span> 
     </span>
    </p>

    <p class='ocr_par' dir='ltr' id='par_1_13' title="bbox 418 684 1746 812">
     <span class='ocr_line' id='line_1_15' title="bbox 418 684 1746 740; baseline -0.003 -9"><span class='ocrx_word' id='word_1_43' title='bbox 418 689 695 731; x_wconf 82' lang='lat' dir='ltr'>Dissimulat.</span> <span class='ocrx_word' id='word_1_44' title='bbox 792 688 877 730; x_wconf 81' lang='lat' dir='ltr'>GE.</span> <span class='ocrx_word' id='word_1_45' title='bbox 961 687 1082 729; x_wconf 88' lang='lat' dir='ltr'><strong>Bene</strong></span> <span class='ocrx_word' id='word_1_46' title='bbox 1144 688 1311 728; x_wconf 85' lang='lat' dir='ltr'><strong>habent</strong></span> <span class='ocrx_word' id='word_1_47' title='bbox 1372 685 1450 727; x_wconf 82' lang='lat' dir='ltr'>tibi</span> <span class='ocrx_word' id='word_1_48' title='bbox 1514 684 1746 740; x_wconf 84' lang='lat' dir='ltr'>principia.</span> 
     </span>
     <span class='ocr_line' id='line_1_16' title="bbox 508 757 981 812; baseline 0 -13"><span class='ocrx_word' id='word_1_49' title='bbox 508 759 589 800; x_wconf 85' lang='lat' dir='ltr'>PH.</span> <span class='ocrx_word' id='word_1_50' title='bbox 624 757 745 812; x_wconf 77' lang='lat' dir='ltr'>Quin</span> <span class='ocrx_word' id='word_1_51' title='bbox 768 759 889 812; x_wconf 88' lang='lat' dir='ltr'>quod</span> <span class='ocrx_word' id='word_1_52' title='bbox 914 765 981 799; x_wconf 82' lang='lat' dir='ltr'><strong>est</strong></span> 
     </span>
    </p>

    <p class='ocr_par' dir='ltr' id='par_1_14' title="bbox 420 826 1484 880">
     <span class='ocr_line' id='line_1_17' title="bbox 420 826 1484 880; baseline -0.006 -9"><span class='ocrx_word' id='word_1_53' title='bbox 420 827 677 870; x_wconf 76' lang='lat' dir='ltr'>Fen&#39;mdum</span> <span class='ocrx_word' id='word_1_54' title='bbox 702 828 816 869; x_wconf 89' lang='lat' dir='ltr'><strong>fers?</strong></span> <span class='ocrx_word' id='word_1_55' title='bbox 849 828 935 869; x_wconf 83' lang='lat' dir='ltr'>tuis</span> <span class='ocrx_word' id='word_1_56' title='bbox 959 826 1145 880; x_wconf 76' lang='lat' dir='ltr'>dignum,</span> <span class='ocrx_word' id='word_1_57' title='bbox 1169 826 1294 867; x_wconf 79' lang='lat' dir='ltr'>factis</span> <span class='ocrx_word' id='word_1_58' title='bbox 1318 826 1484 873; x_wconf 81' lang='lat' dir='ltr'><strong>feceris,</strong></span> 
     </span>
    </p>
   </div>
   <div class='ocr_carea' id='block_1_10' title="bbox 415 894 1747 948">
    <p class='ocr_par' dir='ltr' id='par_1_15' title="bbox 415 894 1747 948">
     <span class='ocr_line' id='line_1_18' title="bbox 415 894 1747 948; baseline -0.003 -8"><span class='ocrx_word' id='word_1_59' title='bbox 415 899 476 940; x_wconf 91' lang='lat' dir='ltr'>Vt</span> <span class='ocrx_word' id='word_1_60' title='bbox 518 897 647 939; x_wconf 82' lang='lat' dir='ltr'>amici</span> <span class='ocrx_word' id='word_1_61' title='bbox 691 898 802 940; x_wconf 82' lang='lat' dir='ltr'><strong>inter</strong></span> <span class='ocrx_word' id='word_1_62' title='bbox 843 911 924 938; x_wconf 86' lang='lat' dir='ltr'>nos</span> <span class='ocrx_word' id='word_1_63' title='bbox 967 896 1118 938; x_wconf 80' lang='lat' dir='ltr'>simus.</span> <span class='ocrx_word' id='word_1_64' title='bbox 1193 897 1279 936; x_wconf 82' lang='lat' dir='ltr'>DE.</span> <span class='ocrx_word' id='word_1_65' title='bbox 1335 895 1466 948; x_wconf 84' lang='lat' dir='ltr'>Egon</span> <span class='ocrx_word' id='word_1_66' title='bbox 1509 902 1629 936; x_wconf 83' lang='lat' dir='ltr'>tuam</span> <span class='ocrx_word' id='word_1_67' title='bbox 1672 894 1747 936; x_wconf 81' lang='lat' dir='ltr'><strong>ex-</strong></span> 
     </span>
    </p>
   </div>
   <div class='ocr_carea' id='block_1_11' title="bbox 413 975 1743 1650">
    <p class='ocr_par' dir='ltr' id='par_1_16' title="bbox 415 975 1579 1295">
     <span class='ocr_line' id='line_1_19' title="bbox 504 975 653 1023; baseline 0 -15"><span class='ocrx_word' id='word_1_68' title='bbox 504 975 653 1023; x_wconf 86' lang='lat' dir='ltr'><strong>petam</strong></span> 
     </span>
     <span class='ocr_line' id='line_1_20' title="bbox 415 1033 1554 1079; baseline -0.004 0"><span class='ocrx_word' id='word_1_69' title='bbox 415 1037 704 1079; x_wconf 71' lang='lat' dir='ltr'>Amicitiam?</span> <span class='ocrx_word' id='word_1_70' title='bbox 738 1043 813 1079; x_wconf 83' lang='lat' dir='ltr'>aut</span> <span class='ocrx_word' id='word_1_71' title='bbox 833 1043 876 1079; x_wconf 87' lang='lat' dir='ltr'><strong>te</strong></span> <span class='ocrx_word' id='word_1_72' title='bbox 900 1035 1045 1078; x_wconf 80' lang='lat' dir='ltr'>uisum</span> <span class='ocrx_word' id='word_1_73' title='bbox 1070 1043 1144 1077; x_wconf 82' lang='lat' dir='ltr'>aut</span> <span class='ocrx_word' id='word_1_74' title='bbox 1167 1033 1366 1076; x_wconf 69' lang='lat' dir='ltr'>auditum</span> <span class='ocrx_word' id='word_1_75' title='bbox 1391 1035 1554 1076; x_wconf 87' lang='lat' dir='ltr'>uelim?</span> 
     </span>
     <span class='ocr_line' id='line_1_21' title="bbox 420 1105 1514 1159; baseline -0.005 -10"><span class='ocrx_word' id='word_1_76' title='bbox 420 1107 467 1150; x_wconf 87' lang='lat' dir='ltr'>Si</span> <span class='ocrx_word' id='word_1_77' title='bbox 490 1106 783 1148; x_wconf 76' lang='lat' dir='ltr'>c6ncordabis</span> <span class='ocrx_word' id='word_1_78' title='bbox 807 1121 909 1148; x_wconf 90' lang='lat' dir='ltr'>cum</span> <span class='ocrx_word' id='word_1_79' title='bbox 934 1105 1020 1155; x_wconf 73' lang='lat' dir='ltr'>illa,</span> <span class='ocrx_word' id='word_1_80' title='bbox 1046 1106 1231 1146; x_wconf 78' lang='lat' dir='ltr'>habebis</span> <span class='ocrx_word' id='word_1_81' title='bbox 1255 1105 1368 1159; x_wconf 82' lang='lat' dir='ltr'><strong>quae</strong></span> <span class='ocrx_word' id='word_1_82' title='bbox 1392 1112 1514 1145; x_wconf 82' lang='lat' dir='ltr'>tuam</span> 
     </span>
     <span class='ocr_line' id='line_1_22' title="bbox 417 1175 1527 1229; baseline -0.005 -10"><span class='ocrx_word' id='word_1_83' title='bbox 417 1175 702 1219; x_wconf 72' lang='lat' dir='ltr'><strong>Senectutem</strong></span> <span class='ocrx_word' id='word_1_84' title='bbox 727 1177 943 1218; x_wconf 85' lang='lat' dir='ltr'><strong>oblectet:</strong></span> <span class='ocrx_word' id='word_1_85' title='bbox 983 1176 1153 1229; x_wconf 84' lang='lat' dir='ltr'><strong>re&#39;spice</strong></span> <span class='ocrx_word' id='word_1_86' title='bbox 1177 1175 1367 1216; x_wconf 78' lang='lat' dir='ltr'><strong>aetatem</strong></span> <span class='ocrx_word' id='word_1_87' title='bbox 1391 1182 1527 1215; x_wconf 79' lang='lat' dir='ltr'>tuam.</span> 
     </span>
     <span class='ocr_line' id='line_1_23' title="bbox 416 1243 1579 1295; baseline -0.004 -6"><span class='ocrx_word' id='word_1_88' title='bbox 416 1247 483 1289; x_wconf 93' lang='lat' dir='ltr'><strong>Te</strong></span> <span class='ocrx_word' id='word_1_89' title='bbox 505 1247 711 1295; x_wconf 77' lang='lat' dir='ltr'><strong>oblectet,</strong></span> <span class='ocrx_word' id='word_1_90' title='bbox 736 1247 815 1288; x_wconf 88' lang='lat' dir='ltr'>tibi</span> <span class='ocrx_word' id='word_1_91' title='bbox 839 1247 966 1288; x_wconf 85' lang='lat' dir='ltr'><strong>habe.</strong></span> <span class='ocrx_word' id='word_1_92' title='bbox 1032 1246 1115 1287; x_wconf 87' lang='lat' dir='ltr'>PH.</span> <span class='ocrx_word' id='word_1_93' title='bbox 1151 1243 1305 1286; x_wconf 82' lang='lat' dir='ltr'>Minue</span> <span class='ocrx_word' id='word_1_94' title='bbox 1329 1258 1436 1285; x_wconf 85' lang='lat' dir='ltr'><strong>uero</strong></span> <span class='ocrx_word' id='word_1_95' title='bbox 1461 1244 1579 1284; x_wconf 81' lang='lat' dir='ltr'>iram.</span> 
     </span>
    </p>

    <p class='ocr_par' dir='ltr' id='par_1_17' title="bbox 413 1315 1743 1650">
     <span class='ocr_line' id='line_1_24' title="bbox 504 1315 859 1370; baseline -0.003 -12"><span class='ocrx_word' id='word_1_96' title='bbox 504 1317 589 1358; x_wconf 71' lang='lat' dir='ltr'>DE.</span> <span class='ocrx_word' id='word_1_97' title='bbox 628 1315 730 1357; x_wconf 56' lang='lat' dir='ltr'>Hbc</span> <span class='ocrx_word' id='word_1_98' title='bbox 753 1331 859 1370; x_wconf 83' lang='lat' dir='ltr'><strong>age:</strong></span> 
     </span>
     <span class='ocr_line' id='line_1_25' title="bbox 420 1383 1656 1439; baseline -0.003 -11"><span class='ocrx_word' id='word_1_99' title='bbox 420 1387 536 1429; x_wconf 84' lang='lat' dir='ltr'>Satis</span> <span class='ocrx_word' id='word_1_100' title='bbox 560 1386 646 1427; x_wconf 69' lang='lat' dir='ltr'>izim</span> <span class='ocrx_word' id='word_1_101' title='bbox 670 1387 978 1428; x_wconf 82' lang='lat' dir='ltr'>uerborumst:</span> <span class='ocrx_word' id='word_1_102' title='bbox 1012 1384 1092 1426; x_wconf 81' lang='lat' dir='ltr'>nisi</span> <span class='ocrx_word' id='word_1_103' title='bbox 1116 1392 1163 1427; x_wconf 88' lang='lat' dir='ltr'>tu</span> <span class='ocrx_word' id='word_1_104' title='bbox 1187 1399 1402 1439; x_wconf 82' lang='lat' dir='ltr'><strong>properas</strong></span> <span class='ocrx_word' id='word_1_105' title='bbox 1427 1383 1656 1425; x_wconf 70' lang='lat' dir='ltr'>mulierem</span> 
     </span>
     <span class='ocr_line' id='line_1_26' title="bbox 415 1453 1536 1510; baseline -0.004 -12"><span class='ocrx_word' id='word_1_106' title='bbox 415 1455 671 1505; x_wconf 72' lang='lat' dir='ltr'><strong>Abducere,</strong></span> <span class='ocrx_word' id='word_1_107' title='bbox 697 1471 782 1510; x_wconf 80' lang='lat' dir='ltr'><strong>ego</strong></span> <span class='ocrx_word' id='word_1_108' title='bbox 807 1457 924 1496; x_wconf 81' lang='lat' dir='ltr'>illam</span> <span class='ocrx_word' id='word_1_109' title='bbox 948 1455 1117 1497; x_wconf 76' lang='lat' dir='ltr'>eiciam.</span> <span class='ocrx_word' id='word_1_110' title='bbox 1183 1455 1290 1503; x_wconf 84' lang='lat' dir='ltr'>dixi,</span> <span class='ocrx_word' id='word_1_111' title='bbox 1315 1453 1536 1495; x_wconf 89' lang='lat' dir='ltr'>Pho&#39;rmio.</span> 
     </span>
     <span class='ocr_line' id='line_1_27' title="bbox 413 1524 1743 1579; baseline -0.003 -11"><span class='ocrx_word' id='word_1_112' title='bbox 413 1527 459 1569; x_wconf 85' lang='lat' dir='ltr'>Si</span> <span class='ocrx_word' id='word_1_113' title='bbox 483 1534 529 1568; x_wconf 88' lang='lat' dir='ltr'>tu</span> <span class='ocrx_word' id='word_1_114' title='bbox 554 1526 673 1567; x_wconf 79' lang='lat' dir='ltr'>illam</span> <span class='ocrx_word' id='word_1_115' title='bbox 709 1526 907 1579; x_wconf 79' lang='lat' dir='ltr'>attigeris</span> <span class='ocrx_word' id='word_1_116' title='bbox 942 1526 1068 1566; x_wconf 79' lang='lat' dir='ltr'><strong>se&#39;cus</strong></span> <span class='ocrx_word' id='word_1_117' title='bbox 1107 1539 1242 1579; x_wconf 79' lang='lat' dir='ltr'>quam</span> <span class='ocrx_word' id='word_1_118' title='bbox 1278 1525 1508 1577; x_wconf 82' lang='lat' dir='ltr'>dignumst</span> <span class='ocrx_word' id='word_1_119' title='bbox 1549 1524 1743 1573; x_wconf 82' lang='lat' dir='ltr'>liberam,</span> 
     </span>
     <span class='ocr_line' id='line_1_28' title="bbox 415 1594 1625 1650; baseline -0.003 -12"><span class='ocrx_word' id='word_1_120' title='bbox 415 1594 576 1638; x_wconf 52' lang='lat' dir='ltr'>Dicam</span> <span class='ocrx_word' id='word_1_121' title='bbox 599 1597 678 1638; x_wconf 90' lang='lat' dir='ltr'>tibi</span> <span class='ocrx_word' id='word_1_122' title='bbox 703 1597 931 1650; x_wconf 82' lang='lat' dir='ltr'>inpingam</span> <span class='ocrx_word' id='word_1_123' title='bbox 957 1594 1185 1649; x_wconf 68' lang='lat' dir='ltr'><strong>gre&#39;mdem.</strong></span> <span class='ocrx_word' id='word_1_124' title='bbox 1251 1595 1358 1643; x_wconf 72' lang='lat' dir='ltr'>dixi,</span> <span class='ocrx_word' id='word_1_125' title='bbox 1385 1594 1625 1648; x_wconf 76' lang='lat' dir='ltr'>Demipho.</span> 
     </span>
    </p>
   </div>
   <div class='ocr_carea' id='block_1_12' title="bbox 417 1663 1745 1720">
    <p class='ocr_par' dir='ltr' id='par_1_18' title="bbox 417 1663 1745 1720">
     <span class='ocr_line' id='line_1_29' title="bbox 417 1663 1745 1720; baseline -0.002 -13"><span class='ocrx_word' id='word_1_126' title='bbox 417 1667 463 1708; x_wconf 81' lang='lat' dir='ltr'>Si</span> <span class='ocrx_word' id='word_1_127' title='bbox 511 1665 616 1720; x_wconf 79' lang='lat' dir='ltr'>quid</span> <span class='ocrx_word' id='word_1_128' title='bbox 663 1680 777 1720; x_wconf 84' lang='lat' dir='ltr'>opus</span> <span class='ocrx_word' id='word_1_129' title='bbox 828 1665 969 1714; x_wconf 85' lang='lat' dir='ltr'>fuerit,</span> <span class='ocrx_word' id='word_1_130' title='bbox 1013 1663 1136 1714; x_wconf 70' lang='lat' dir='ltr'><strong>heus,</strong></span> <span class='ocrx_word' id='word_1_131' title='bbox 1181 1665 1317 1706; x_wconf 90' lang='lat' dir='ltr'>domo</span> <span class='ocrx_word' id='word_1_132' title='bbox 1365 1678 1448 1705; x_wconf 89' lang='lat' dir='ltr'>me.</span> <span class='ocrx_word' id='word_1_133' title='bbox 1534 1663 1617 1705; x_wconf 84' lang='lat' dir='ltr'>GE.</span> <span class='ocrx_word' id='word_1_134' title='bbox 1673 1664 1745 1704; x_wconf 80' lang='lat' dir='ltr'>In-</span> 
     </span>
    </p>
   </div>
   <div class='ocr_carea' id='block_1_13' title="bbox 502 1736 678 1789">
    <p class='ocr_par' dir='ltr' id='par_1_19' title="bbox 502 1736 678 1789">
     <span class='ocr_line' id='line_1_30' title="bbox 502 1736 678 1789; baseline -0.017 -11"><span class='ocrx_word' id='word_1_135' title='bbox 502 1736 678 1789; x_wconf 77' lang='lat' dir='ltr'><strong>tellego.</strong></span> 
     </span>
    </p>
   </div>
   <div class='ocr_carea' id='block_1_14' title="bbox 317 1948 1728 2066">
    <p class='ocr_par' dir='ltr' id='par_1_20' title="bbox 317 1948 1728 2066">
     <span class='ocr_line' id='line_1_31' title="bbox 317 1948 1728 1993; baseline 0 -1"><span class='ocrx_word' id='word_1_136' title='bbox 317 1951 554 1992; x_wconf 79' lang='lat' dir='ltr'><strong>DEMIPHO</strong></span> <span class='ocrx_word' id='word_1_137' title='bbox 650 1948 792 1992; x_wconf 31' lang='lat' dir='ltr'>*GETA</span> <span class='ocrx_word' id='word_1_138' title='bbox 1053 1949 1217 1992; x_wconf 83' lang='lat' dir='ltr'>HEGIO</span> <span class='ocrx_word' id='word_1_139' title='bbox 1272 1950 1519 1993; x_wconf 82' lang='lat' dir='ltr'>CRATINVS</span> <span class='ocrx_word' id='word_1_140' title='bbox 1573 1951 1728 1993; x_wconf 84' lang='lat' dir='ltr'><strong>CRITO</strong></span> 
     </span>
     <span class='ocr_line' id='line_1_32' title="bbox 369 2038 1553 2066; baseline 0.001 -2"><span class='ocrx_word' id='word_1_141' title='bbox 369 2039 505 2065; x_wconf 80' lang='lat' dir='ltr'>SENEX</span> <span class='ocrx_word' id='word_1_142' title='bbox 648 2038 805 2065; x_wconf 78' lang='lat' dir='ltr'>SERVOS</span> <span class='ocrx_word' id='word_1_143' title='bbox 1239 2040 1455 2066; x_wconf 85' lang='lat' dir='ltr'><strong>ADVOCATI</strong></span> <span class='ocrx_word' id='word_1_144' title='bbox 1505 2040 1553 2065; x_wconf 91' lang='lat'>111</span> 
     </span>
    </p>
   </div>
   <div class='ocr_carea' id='block_1_15' title="bbox 298 2152 384 2193">
    <p class='ocr_par' dir='ltr' id='par_1_21' title="bbox 298 2152 384 2193">
     <span class='ocr_line' id='line_1_33' title="bbox 298 2152 384 2193; baseline -0.023 0"><span class='ocrx_word' id='word_1_145' title='bbox 298 2152 384 2193; x_wconf 79' lang='lat' dir='ltr'>DE.</span> 
     </span>
    </p>
   </div>
   <div class='ocr_carea' id='block_1_16' title="bbox 177 2430 379 2541">
    <p class='ocr_par' dir='ltr' id='par_1_22' title="bbox 177 2430 379 2541">
     <span class='ocr_line' id='line_1_34' title="bbox 177 2430 259 2470; baseline 0.012 -1"><span class='ocrx_word' id='word_1_146' title='bbox 177 2430 259 2470; x_wconf 70' lang='lat'>445</span> 
     </span>
     <span class='ocr_line' id='line_1_35' title="bbox 296 2497 379 2541; baseline -0.012 0"><span class='ocrx_word' id='word_1_147' title='bbox 296 2497 379 2541; x_wconf 77' lang='lat' dir='ltr'>GE.</span> 
     </span>
    </p>
   </div>
   <div class='ocr_carea' id='block_1_17' title="bbox 412 2149 1741 2750">
    <p class='ocr_par' dir='ltr' id='par_1_23' title="bbox 414 2149 1374 2204">
     <span class='ocr_line' id='line_1_36' title="bbox 414 2149 1374 2204; baseline 0.001 -13"><span class='ocrx_word' id='word_1_148' title='bbox 414 2149 593 2204; x_wconf 70' lang='lat' dir='ltr'>Quantz&#39;l</span> <span class='ocrx_word' id='word_1_149' title='bbox 617 2165 687 2191; x_wconf 90' lang='lat' dir='ltr'>me</span> <span class='ocrx_word' id='word_1_150' title='bbox 710 2165 816 2191; x_wconf 77' lang='lat' dir='ltr'>cura</span> <span class='ocrx_word' id='word_1_151' title='bbox 839 2157 883 2192; x_wconf 87' lang='lat' dir='ltr'><strong>et</strong></span> <span class='ocrx_word' id='word_1_152' title='bbox 904 2150 1200 2193; x_wconf 72' lang='lat' dir='ltr'>scSllieitudine</span> <span class='ocrx_word' id='word_1_153' title='bbox 1223 2151 1374 2193; x_wconf 53' lang='lat' dir='ltr'>adficit</span> 
     </span>
    </p>

    <p class='ocr_par' dir='ltr' id='par_1_24' title="bbox 415 2219 1530 2275">
     <span class='ocr_line' id='line_1_37' title="bbox 415 2219 1530 2275; baseline 0 -14"><span class='ocrx_word' id='word_1_154' title='bbox 415 2219 599 2268; x_wconf 67' lang='lat' dir='ltr'>Gnatus,</span> <span class='ocrx_word' id='word_1_155' title='bbox 624 2221 698 2274; x_wconf 89' lang='lat' dir='ltr'>qui</span> <span class='ocrx_word' id='word_1_156' title='bbox 724 2234 794 2261; x_wconf 88' lang='lat' dir='ltr'>me</span> <span class='ocrx_word' id='word_1_157' title='bbox 818 2227 862 2262; x_wconf 85' lang='lat' dir='ltr'><strong>et</strong></span> <span class='ocrx_word' id='word_1_158' title='bbox 883 2235 929 2261; x_wconf 83' lang='lat' dir='ltr'><strong>se</strong></span> <span class='ocrx_word' id='word_1_159' title='bbox 954 2221 1076 2262; x_wconf 81' lang='lat' dir='ltr'><strong>hisce</strong></span> <span class='ocrx_word' id='word_1_160' title='bbox 1100 2220 1318 2275; x_wconf 69' lang='lat' dir='ltr'>inpegiiuit</span> <span class='ocrx_word' id='word_1_161' title='bbox 1343 2220 1530 2275; x_wconf 75' lang='lat' dir='ltr'>nuptiis!</span> 
     </span>
    </p>

    <p class='ocr_par' dir='ltr' id='par_1_25' title="bbox 412 2277 1645 2344">
     <span class='ocr_line' id='line_1_38' title="bbox 412 2277 1645 2344; baseline 0 -14"><span class='ocrx_word' id='word_1_162' title='bbox 412 2291 570 2343; x_wconf 86' lang='lat' dir='ltr'><strong>Neque</strong></span> <span class='ocrx_word' id='word_1_163' title='bbox 593 2290 651 2330; x_wconf 85' lang='lat' dir='ltr'>mi</span> <span class='ocrx_word' id='word_1_164' title='bbox 675 2288 718 2330; x_wconf 91' lang='lat' dir='ltr'>1&#39;n</span> <span class='ocrx_word' id='word_1_165' title='bbox 742 2297 1035 2344; x_wconf 82' lang='lat' dir='ltr'><strong>conspectum</strong></span> <span class='ocrx_word' id='word_1_166' title='bbox 1060 2277 1224 2344; x_wconf 40' lang='lat' dir='ltr'><strong>predit]</strong></span> <span class='ocrx_word' id='word_1_167' title='bbox 1245 2297 1293 2332; x_wconf 84' lang='lat' dir='ltr'>ut</span> <span class='ocrx_word' id='word_1_168' title='bbox 1315 2290 1469 2331; x_wconf 83' lang='lat' dir='ltr'>salte&#39;m</span> <span class='ocrx_word' id='word_1_169' title='bbox 1494 2291 1645 2339; x_wconf 84' lang='lat' dir='ltr'>sciam,</span> 
     </span>
    </p>

    <p class='ocr_par' dir='ltr' id='par_1_26' title="bbox 413 2357 1444 2413">
     <span class='ocr_line' id='line_1_39' title="bbox 413 2357 1444 2413; baseline 0.001 -14"><span class='ocrx_word' id='word_1_170' title='bbox 413 2358 532 2412; x_wconf 82' lang='lat' dir='ltr'>Quid</span> <span class='ocrx_word' id='word_1_171' title='bbox 555 2359 612 2401; x_wconf 89' lang='lat' dir='ltr'><strong>de</strong></span> <span class='ocrx_word' id='word_1_172' title='bbox 635 2357 687 2400; x_wconf 64' lang='lat' dir='ltr'>eei</span> <span class='ocrx_word' id='word_1_173' title='bbox 711 2373 756 2401; x_wconf 87' lang='lat' dir='ltr'><strong>re</strong></span> <span class='ocrx_word' id='word_1_174' title='bbox 780 2360 899 2401; x_wconf 80' lang='lat' dir='ltr'>dicat</span> <span class='ocrx_word' id='word_1_175' title='bbox 921 2358 1088 2413; x_wconf 82' lang='lat' dir='ltr'>quidue</span> <span class='ocrx_word' id='word_1_176' title='bbox 1111 2360 1167 2400; x_wconf 84' lang='lat' dir='ltr'>sit</span> <span class='ocrx_word' id='word_1_177' title='bbox 1189 2360 1444 2401; x_wconf 78' lang='lat' dir='ltr'><strong>sententiae.</strong></span> 
     </span>
    </p>

    <p class='ocr_par' dir='ltr' id='par_1_27' title="bbox 412 2427 1554 2476">
     <span class='ocr_line' id='line_1_40' title="bbox 412 2427 1554 2476; baseline 0.002 -8"><span class='ocrx_word' id='word_1_178' title='bbox 412 2428 518 2476; x_wconf 88' lang='lat' dir='ltr'>Abi,</span> <span class='ocrx_word' id='word_1_179' title='bbox 543 2427 636 2469; x_wconf 81' lang='lat' dir='ltr'>uise</span> <span class='ocrx_word' id='word_1_180' title='bbox 662 2427 895 2470; x_wconf 80' lang='lat' dir='ltr'>redieritne</span> <span class='ocrx_word' id='word_1_181' title='bbox 921 2430 1007 2469; x_wconf 81' lang='lat' dir='ltr'>iam</span> <span class='ocrx_word' id='word_1_182' title='bbox 1032 2443 1085 2469; x_wconf 84' lang='lat' dir='ltr'>an</span> <span class='ocrx_word' id='word_1_183' title='bbox 1111 2443 1200 2470; x_wconf 90' lang='lat' dir='ltr'>non</span> <span class='ocrx_word' id='word_1_184' title='bbox 1224 2427 1330 2469; x_wconf 71' lang='lat' dir='ltr'>dum</span> <span class='ocrx_word' id='word_1_185' title='bbox 1354 2430 1554 2470; x_wconf 90' lang='lat' dir='ltr'>domum.</span> 
     </span>
    </p>

    <p class='ocr_par' dir='ltr' id='par_1_28' title="bbox 416 2496 1541 2552">
     <span class='ocr_line' id='line_1_41' title="bbox 416 2496 1541 2552; baseline 0 -13"><span class='ocrx_word' id='word_1_186' title='bbox 416 2496 495 2540; x_wconf 85' lang='grc' dir='ltr'>Εό.</span> <span class='ocrx_word' id='word_1_187' title='bbox 514 2523 571 2527; x_wconf 86' lang='lat'><strong>—</strong></span> <span class='ocrx_word' id='word_1_188' title='bbox 589 2499 677 2539; x_wconf 73' lang='lat' dir='ltr'>DE.</span> <span class='ocrx_word' id='word_1_189' title='bbox 710 2498 883 2539; x_wconf 81' lang='lat' dir='ltr'>Videtis</span> <span class='ocrx_word' id='word_1_190' title='bbox 907 2512 997 2552; x_wconf 88' lang='lat' dir='ltr'>quo</span> <span class='ocrx_word' id='word_1_191' title='bbox 1022 2498 1063 2538; x_wconf 84' lang='lat' dir='ltr'>in</span> <span class='ocrx_word' id='word_1_192' title='bbox 1086 2497 1187 2539; x_wconf 90' lang='lat' dir='ltr'>loco</span> <span class='ocrx_word' id='word_1_193' title='bbox 1212 2512 1279 2539; x_wconf 87' lang='lat' dir='ltr'><strong>res</strong></span> <span class='ocrx_word' id='word_1_194' title='bbox 1303 2498 1410 2539; x_wconf 80' lang='lat' dir='ltr'><strong>hae‘c</strong></span> <span class='ocrx_word' id='word_1_195' title='bbox 1434 2500 1541 2539; x_wconf 84' lang='lat' dir='ltr'>siet:</span> 
     </span>
    </p>

    <p class='ocr_par' dir='ltr' id='par_1_29' title="bbox 414 2559 1740 2621">
     <span class='ocr_line' id='line_1_42' title="bbox 414 2559 1740 2621; baseline 0.002 -13"><span class='ocrx_word' id='word_1_196' title='bbox 414 2567 535 2621; x_wconf 81' lang='lat' dir='ltr'>Quid</span> <span class='ocrx_word' id='word_1_197' title='bbox 558 2566 674 2621; x_wconf 61' lang='lat' dir='ltr'>eigo?</span> <span class='ocrx_word' id='word_1_198' title='bbox 709 2568 792 2615; x_wconf 84' lang='lat' dir='ltr'>dic,</span> <span class='ocrx_word' id='word_1_199' title='bbox 819 2567 982 2620; x_wconf 78' lang='lat' dir='ltr'>Hegio.</span> <span class='ocrx_word' id='word_1_200' title='bbox 1021 2567 1110 2608; x_wconf 81' lang='lat' dir='ltr'>HE.</span> <span class='ocrx_word' id='word_1_201' title='bbox 1149 2559 1277 2620; x_wconf 74' lang='lat' dir='ltr'>Ego?</span> <span class='ocrx_word' id='word_1_202' title='bbox 1312 2568 1539 2609; x_wconf 81' lang='lat' dir='ltr'>Cratinum</span> <span class='ocrx_word' id='word_1_203' title='bbox 1565 2569 1740 2617; x_wconf 84' lang='lat' dir='ltr'><strong>ce&#39;nseo,</strong></span> 
     </span>
    </p>

    <p class='ocr_par' dir='ltr' id='par_1_30' title="bbox 414 2636 1741 2750">
     <span class='ocr_line' id='line_1_43' title="bbox 414 2636 1741 2686; baseline 0 -6"><span class='ocrx_word' id='word_1_204' title='bbox 414 2638 461 2680; x_wconf 82' lang='lat' dir='ltr'>Si</span> <span class='ocrx_word' id='word_1_205' title='bbox 503 2636 582 2679; x_wconf 81' lang='lat' dir='ltr'>tibi</span> <span class='ocrx_word' id='word_1_206' title='bbox 626 2638 811 2679; x_wconf 88' lang='lat' dir='ltr'>uidetur.</span> <span class='ocrx_word' id='word_1_207' title='bbox 886 2638 974 2679; x_wconf 80' lang='lat' dir='ltr'>DE.</span> <span class='ocrx_word' id='word_1_208' title='bbox 1028 2636 1127 2686; x_wconf 80' lang='lat' dir='ltr'>Dic,</span> <span class='ocrx_word' id='word_1_209' title='bbox 1172 2636 1364 2679; x_wconf 79' lang='lat' dir='ltr'>Cratine.</span> <span class='ocrx_word' id='word_1_210' title='bbox 1440 2637 1554 2680; x_wconf 78' lang='lat' dir='ltr'><strong>CRA.</strong></span> <span class='ocrx_word' id='word_1_211' title='bbox 1609 2638 1741 2680; x_wconf 78' lang='lat' dir='ltr'><strong>Mene</strong></span> 
     </span>
     <span class='ocr_line' id='line_1_44' title="bbox 501 2707 596 2750; baseline -0.021 0"><span class='ocrx_word' id='word_1_212' title='bbox 501 2707 596 2750; x_wconf 84' lang='lat' dir='ltr'>uis?</span> 
     </span>
    </p>
   </div>
   <div class='ocr_carea' id='block_1_18' title="bbox 1824 552 1863 583">
    <p class='ocr_par' dir='ltr' id='par_1_31' title="bbox 1824 552 1863 583">
     <span class='ocr_line' id='line_1_45' title="bbox 1824 552 1863 583; baseline 0 0"><span class='ocrx_word' id='word_1_213' title='bbox 1824 552 1863 583; x_wconf 79' lang='lat' dir='ltr'>So</span> 
     </span>
    </p>
   </div>
   <div class='ocr_carea' id='block_1_19' title="bbox 1822 1468 1863 1499">
    <p class='ocr_par' dir='ltr' id='par_1_32' title="bbox 1822 1468 1863 1499">
     <span class='ocr_line' id='line_1_46' title="bbox 1822 1468 1863 1499; baseline 0 -8"><span class='ocrx_word' id='word_1_214' title='bbox 1822 1468 1863 1499; x_wconf 88' lang='lat'>90</span> 
     </span>
    </p>
   </div>
   <div class='ocr_carea' id='block_1_20' title="bbox 1770 2151 1862 2202">
    <p class='ocr_par' dir='ltr' id='par_1_33' title="bbox 1770 2151 1862 2202">
     <span class='ocr_line' id='line_1_47' title="bbox 1770 2151 1862 2202; baseline 0 -10"><span class='ocrx_word' id='word_1_215' title='bbox 1770 2151 1862 2202; x_wconf 84' lang='lat'>114</span> 
     </span>
    </p>
   </div>
  </div>
 </body>
</html>
