2054 3197
199 251 254 290 24

316 364 399 405 DE.

199 504 282 547 270
317 504 400 545 PH.

202 993 224 1030 Ι»

231 991 253 1032 λΙ

260 992 283 1031 0¹

320 1199 404 1240 GE.

320 1270 406 1310 DE.

204 1340 257 1379 [Usi

262 1340 286 1379 0

209 1689 289 1729 285
325 1687 407 1729 GE.

328 2036 413 2077 GE.

211 2107 292 2147 :290

213 2455 294 2494 2¹25

759 230 1004 266 TERENTI
1045 225 1314 264 PHORMIO.

435 362 553 403 Nam
596 362 638 402 ni
688 360 798 402 haec
844 360 903 400 ita
951 363 1112 406 essent,
1156 369 1258 397 cum
1305 353 1380 395 1'llo
1432 352 1552 393 haud
1605 356 1757 396 stares,

520 431 747 473 Phaedria.

438 502 486 544 Si
541 507 620 549 est,
669 498 837 554 patrue,
888 497 1066 552 culpam
1119 502 1167 537 ut
1219 486 1424 547 Antipho
1483 493 1525 531 in
1580 503 1626 530 se
1690 488 1764 528 ad-

521 569 699 617 miserit,

433 642 506 683 Ex
560 638 648 695 quz't
704 652 748 679 re
804 638 948 678 minus
1004 636 1063 676 rei
1120 633 1231 675 foret
1284 638 1359 673 aut
1406 631 1547 672 famae
1595 629 1761 682 te'mpe-

523 724 636 757 rans,

433 782 536 822 Non
560 777 738 820 causam
762 777 864 817 dico
887 774 993 829 quin
1018 774 1138 828 quod
1164 772 1344 813 meritus
1368 769 1423 811 sit
1446 769 1568 810 ferat.

436 850 526 892 Sed
549 848 585 890 εἰ
608 849 706 902 quis
731 846 843 887 forte
868 843 1034 885 malitia
1056 840 1192 883 fretus
1216 855 1296 882 sua

435 919 623 961 Insidias
647 924 823 958 nostrae
847 915 950 956 fecit
972 912 1300 955 adulescentiae

434 989 506 1030 Ac
531 988 648 1035 uicit,
674 993 853 1027 nostran
876 983 1008 1038 culpa
1031 989 1124 1023 east
1147 996 1201 1022 an
1226 979 1437 1028 iudicum,

434 1059 525 1112 Qui
549 1058 682 1111 saepe
705 1062 890 1110 propter
913 1053 1126 1094 inuidiam
1151 1051 1353 1092 adimunt
1376 1048 1501 1090 dl'uiti

434 1129 530 1169 Aut
552 1126 734 1181 propter
757 1122 1101 1166 misericordiam
1127 1121 1293 1162 addunt
1316 1117 1531 1173 pauperi?

442 1198 499 1238 Ni
525 1196 700 1238 nossem
724 1208 916 1241 causam,
942 1193 1169 1234 cre'dcrem
1193 1203 1298 1230 uera
1320 1187 1437 1229 ln'mc
1461 1186 1596 1241 loqui.

439 1267 513 1308 An
538 1265 774 1320 qul'squam
798 1265 933 1304 iudex
956 1263 1035 1310 est,
1060 1261 1135 1315 qui
1162 1260 1304 1314 possit
1326 1257 1508 1299 noscere

436 1338 532 1377 Tua
556 1334 680 1382 iusta,
706 1334 780 1375 ubi
803 1340 896 1374 tute
920 1333 1107 1373 uerbum
1132 1343 1220 1370 non
1244 1326 1527 1382 respondeas,

438 1408 504 1448 Ita
527 1413 574 1447 ut
597 1405 666 1445 1'lle
691 1404 820 1444 fecit?
883 1403 966 1443 PH.
1031 1399 1228 1441 Functus
1252 1395 1615 1439 adulescentulist

439 1475 647 1517 Offl'cium
675 1471 891 1514 liberzilis:
924 1478 1165 1526 postquam
1190 1469 1243 1510 ad
1270 1466 1436 1509 iudices

438 1543 692 1591 Ventumst,
718 1557 805 1583 non
829 1542 975 1596 potuit
997 1539 1191 1593 cogitata
1215 1537 1444 1592 proloqui;

440 1617 507 1657 Ita
530 1614 631 1656 eum
655 1621 748 1655 tum
772 1613 975 1654 timidum
1001 1610 1086 1652 illic
1107 1607 1407 1663 obstupefecit
1430 1607 1585 1662 pudor.

443 1686 601 1727 Laudo
654 1682 785 1725 hunc.
863 1683 940 1723 sed
994 1695 1130 1728 ,cesso
1194 1680 1314 1721 adfre
1377 1691 1511 1732 quam
1575 1673 1767 1731 primum

527 1758 708 1796 senem?

442 1826 543 1872 Ere,
568 1823 714 1865 sa'lue:
758 1822 929 1863 saluom
959 1828 1002 1862 te
1032 1819 1267 1861 a'tduenisse
1301 1817 1490 1872 gaudeo.
1555 1816 1643 1857 DE.
1681 1815 1769 1864 Oh,

442 1896 567 1936 Bone
591 1892 755 1941 custos,
780 1893 914 1937 salue,
940 1889 1145 1931 columen
1170 1904 1277 1930 uero
1302 1887 1507 1934 familiae,

444 1964 563 2019 Quoi
588 1962 899 2004 commendaui
925 1960 1065 2001 filium
1090 1961 1191 2000 hinc
1216 1958 1367 1999 abie'ns
1392 1970 1553 1997 meum.

448 2035 542 2075 Iam
567 2032 736 2074 dudum
760 2039 802 2073 te
826 2032 970 2072 omnis
995 2029 1072 2071 no's
1097 2042 1304 2070 accusare
1329 2026 1460 2068 audio

443 2104 668 2149 Inmerito,
694 2108 737 2143 et
760 2115 830 2141 me
855 2101 1025 2141 horunc
1047 2098 1247 2139 omnium
1271 2095 1628 2137 inmeritl'ssumo.

445 2173 563 2214 Nam
586 2171 693 2226 qul'd
719 2185 788 2211 me
813 2172 855 2210 in
879 2171 961 2210 hac
986 2184 1030 2210 rc
1054 2167 1198 2210 fzicere
1222 2164 1400 2208 uoluisti
1423 2166 1530 2206 tibi?

446 2242 637 2283 Scruom
671 2239 895 2281 hominem
930 2252 1109 2279 causam
1149 2235 1274 2278 ordre
1316 2236 1437 2288 leges
1481 2232 1567 2274 non
1610 2233 1772 2280 sinunt,

448 2312 608 2365 Neque
633 2310 856 2352 testimoni
882 2308 1073 2349 dictiost.
1139 2308 1221 2347 DE.
1259 2305 1389 2345 Mitto
1412 2302 1574 2343 omnia.

447 2382 521 2422 Do
546 2379 654 2421 istuc
679 2384 687 2400 ‘
710 2379 950 2433 inprudens
973 2376 1119 2418 timuit
1142 2374 1401 2416 adulescens
1421 2373 1453 2422 ';
1494 2373 1590 2412 sino

447 2451 537 2491 ‘Tu
564 2449 781 2497 sc1·uo's¹;
821 2461 975 2488 uerum
999 2445 1035 2486 ss
1058 2450 1291 2497 cognatast
1314 2441 1536 2488 mdxume,

450 2521 552 2562 Non
624 2517 706 2559 fust
769 2529 949 2557 necesse
1011 2515 1174 2555 habere
1201 2527 1209 2563 ;
1276 2512 1352 2553 sed
1416 2511 1458 2551 id
1519 2509 1639 2563 quod
1701 2507 1774 2549 le'x

540 2590 674 2635 iubet,

451 2661 617 2702 Dotem
643 2658 816 2702 daretis,
842 2654 1073 2710 quaereret
1095 2651 1227 2694 alium
1252 2652 1408 2692 uirum.

453 2730 555 2783 Qua
578 2727 746 2769 stitione
770 2727 949 2780 inopem
973 2722 1118 2778 potius
1141 2719 1334 2763 ducebzit
1355 2721 1569 2760 domum?

1836 501 1876 530 40

1843 988 1882 1021 45

1847 1337 1885 1371 50

1848 1687 1887 1721 55

1849 2098 1891 2130 60
