2054 3197
170 224 227 265 40

170 476 254 515 450

169 823 252 862 4:35

169 1240 253 1280 4150

170 2013 252 2052 465

169 2638 253 2681 470

732 208 978 242 TERENTI
1024 207 1292 241 PHORMIO.

287 336 375 376 DE.
407 335 483 376 Te.
537 334 649 375 CRA.
691 334 792 387 Ego
836 347 950 388 quae
994 332 1035 374 in
1080 347 1171 373 rem
1215 340 1337 373 tuam
1382 331 1467 372 sint
1509 331 1561 372 ea
1601 331 1734 373 uelim

494 402 640 444 facias.
705 403 812 444 mihi

410 474 484 515 Sic
508 472 591 514 hoc
617 474 814 514 uidetur:
854 472 974 526 quod
998 480 1039 513 te
1066 473 1249 513 absente
1273 472 1344 512 hic
1369 470 1484 511 filius

406 542 523 596 Egit,
548 543 715 584 restitui
742 543 783 583 in
808 541 1027 595 integrum
1053 548 1288 596 aequomst
1310 542 1354 582 et
1376 541 1560 589 bonum,

405 613 463 654 Et
486 614 528 654 id
553 612 826 666 impetrabis.
860 611 963 652 dixi.
1028 611 1115 653 DE.
1152 611 1237 651 Dic
1262 624 1390 657 nunc,
1419 609 1579 663 Hegio.

290 684 379 724 HE.
405 683 506 736 Ego
530 670 688 723 se'dsslE
710 681 828 722 hunc
851 681 1016 722 dixisse
1040 682 1198 729 credo;
1238 681 1391 720 uerum
1417 681 1530 728 itast,

405 752 542 805 Quod
566 750 769 792 homines
791 758 859 792 tot
881 751 1149 792 sententiae:
1184 764 1287 791 suos
1312 749 1508 804 quoique
1533 763 1642 790 mos.

406 822 518 862 Mihi
543 820 630 862 non
654 820 829 862 uidetur
852 819 972 874 quod
996 821 1052 861 sit
1074 820 1238 861 factum
1263 820 1449 873 legibus,

406 890 615 932 Rescindi
641 904 796 945 posse;
835 897 879 931 et
901 889 1029 944 turpe
1054 891 1289 943 inceptust.
1349 889 1437 930 DE.
1473 888 1571 937 Dic,
1598 888 1734 930 Crito.

281 962 379 1003 CRI.
407 962 506 1014 Ego
530 960 723 1015 amplius
748 959 1084 1001 deliberandum
1109 960 1298 1000 censeo:

405 1032 494 1072 Res
518 1030 734 1084 magnast.
772 1031 861 1070 HE.
908 1030 1029 1070 Num
1056 1030 1161 1083 quid
1187 1028 1264 1069 nos
1289 1030 1384 1070 uis?
1425 1029 1512 1070 DE.
1549 1027 1736 1069 Fecistis

494 1101 657 1155 probe:

406 1171 621 1211 Incertior
658 1184 756 1210 sum
795 1168 934 1210 multo
971 1183 1103 1224 quam
1147 1167 1504 1210 <ludium—GE.
1558 1169 1737 1222 Negant

406 1239 608 1281 Redisse.
674 1239 761 1279 DE.
796 1239 950 1279 Frater
971 1239 1037 1279 est
1060 1236 1367 1293 expectandus
1392 1239 1522 1279 mihi:

405 1311 447 1350 Is
478 1308 599 1363 quod
629 1309 735 1349 mihi
759 1309 931 1349 dederit
963 1309 1017 1349 de
1041 1307 1124 1349 hac
1148 1323 1193 1349 re
1218 1309 1468 1355 consilium,
1494 1307 1536 1349 id
1560 1322 1733 1362 sequar.

405 1378 716 1420 Percontatum
742 1379 815 1419 ibo
840 1379 895 1419 ad
920 1377 1110 1432 portum,
1136 1379 1286 1432 quoad
1311 1392 1357 1418 se
1381 1378 1577 1431 recipiat.

289 1449 372 1490 GE.
409 1449 472 1490 At
495 1463 580 1501 ego
608 1440 919 1502 Antiphonem
951 1448 1175 1502 quaeram,
1200 1454 1248 1489 ut
1278 1461 1392 1502 quae
1420 1454 1518 1488 acta
1547 1447 1618 1487 hic
1650 1446 1737 1489 sint

490 1519 612 1559 sciat.

405 1587 497 1629 Sed
521 1601 677 1629 eccum
702 1587 845 1642 ipsum
872 1588 1004 1628 uideo
1029 1588 1071 1628 in
1095 1588 1298 1643 tempore
1322 1588 1409 1628 huc
1445 1601 1491 1628 se
1525 1587 1734 1642 recipere.

757 1813 990 1854 ANTIPHO
1133 1813 1268 1855 GETA

738 1902 1004 1929 ADVLESCENS
1127 1903 1282 1929 SERVOS

1817 485 1851 507 10

286 2012 380 2054 AN.
412 2003 545 2053 Enim
568 2026 690 2060 uero,
715 2011 935 2066 Antipho,
959 2013 1235 2054 multimodis
1258 2027 1359 2054 cum
1385 2012 1495 2054 istoc
1519 2013 1667 2054 animo
1730 2012 1801 2054 III
1830 2023 1848 2054 1

491 2096 538 2123 es
561 2081 906 2136 uituperandus:

405 2141 530 2193 itane
575 2160 618 2193 te
658 2153 760 2192 hinc
794 2151 938 2193 abisse
972 2160 1016 2193 et
1048 2153 1185 2193 uitam
1219 2151 1341 2194 tuam
1374 2153 1606 2194 tutandam
1640 2151 1734 2193 aliis

492 2221 691 2262 dedisse!

404 2283 533 2331 Alios
556 2298 678 2332 tuam
704 2305 796 2331 rem
830 2291 1053 2332 credidisti
1084 2290 1224 2344 magis
1255 2305 1389 2344 quam
1419 2298 1508 2331 tete
1539 2291 1734 2330 animum

491 2359 792 2401 aduorsuros?

405 2429 524 2470 Nam
548 2428 595 2470 ut
614 2437 665 2480 μὶ
688 2437 812 2470 erant
835 2430 933 2478 alia,
959 2429 1016 2469 illi
1042 2436 1160 2470 certe
1184 2430 1297 2483 quae
1322 2444 1438 2470 nunc
1461 2430 1540 2470 tibi
1571 2428 1734 2469 domist

492 2499 761 2546 consuleres,

402 2570 471 2610 Ne
495 2569 601 2622 quid
627 2575 810 2622 propter
832 2566 954 2609 tuam
979 2567 1112 2608 fidem
1134 2568 1323 2621 decepta
1347 2566 1572 2620 poteretur
1596 2568 1722 2615 mali;

405 2638 526 2692 Quoi
565 2652 681 2678 nunc
720 2638 904 2678 miserae
943 2638 1045 2692 spes
1088 2651 1287 2692 opesque
1331 2635 1431 2677 sunt
1474 2637 1514 2677 in
1559 2643 1601 2677 te
1644 2651 1733 2677 uno

492 2708 647 2748 omnes
671 2708 793 2748 sitae.

1833 2583 1849 2616 5
