2054 3197
242 262 299 304 26
802 257 1050 291 TERENTI
1091 257 1358 292 PHORMIO.

359 383 441 426 GE.
478 384 582 425 Non
616 381 740 431 restio,
775 397 932 424 uerum
965 383 1199 437 argentum
1233 383 1397 423 deerat.
1463 381 1551 421 DE.
1598 377 1803 421 Sumeret

242 455 322 496 :300
474 451 712 505 Alictjnde.
777 451 862 493 GE.
896 451 1150 493 Alicunde?
1183 450 1241 492 n1'l
1265 458 1333 492 est
1355 451 1473 491 dictu
1499 448 1681 490 fz'lcilius.

358 524 445 564 DE.
477 522 705 564 Postre'mo
749 522 784 562 si
828 521 948 563 nullo
991 520 1078 562 zilio
1122 528 1268 576 pacto,
1314 521 1503 561 faenore.
1569 518 1651 560 GE.
1697 518 1802 566 Hui,

474 591 642 634 Dixisti
667 590 877 646 pulchre!
914 589 1135 645 siquidem
1159 591 1395 644 quisquam
1419 590 1618 630 crederet

474 663 539 703 Te
567 660 686 702 u1'u0.
752 660 840 701 DE.
875 661 992 709 Non,
1018 674 1107 701 non
1136 659 1198 700 sic
1229 659 1491 700 futurumst:
1531 657 1618 699 ndn
1641 664 1802 712 potest.

474 732 608 785 Egon
638 730 757 771 illam
788 743 890 770 cum
923 729 997 770 illo
1028 736 1075 771 ut
1105 727 1248 783 paitiar
1275 736 1460 783 nuptam
1487 726 1625 768 unum
1657 727 1805 768 diem?

242 802 322 841 305
473 801 548 841 Nil
571 799 709 841 suziue
734 800 995 840 meritumst.
1060 797 1287 839 huminem
1312 795 1689 838 commonstrarier

475 871 540 911 Mi
564 868 696 911 istum
721 869 839 916 uolo,
864 875 940 909 aut
964 868 1038 909 ubi
1062 866 1232 909 habitet
1253 864 1610 908 demonstrarier.

359 939 446 981 GE.
479 939 658 993 Nempe
704 937 1049 979 Pthrmionem?
1113 938 1200 978 DE.
1256 935 1396 978 Istum
1439 943 1678 991 patronum
1711 934 1806 977 rnu-

564 1009 692 1049 lieris.

360 1078 444 1120 GE.
480 1078 575 1118 Iam
608 1075 713 1118 faxo
746 1077 817 1118 hic
851 1077 1003 1118 aderit.
1069 1077 1157 1118 DE.
1202 1068 1407 1130 Antipho
1443 1075 1518 1117 ubi
1557 1089 1673 1116 nunc
1713 1075 1807 1116 est?

565 1146 650 1188 GE.
685 1147 825 1188 Foris.

360 1218 449 1259 DE.
479 1216 585 1264 Abi,
630 1216 858 1265 Phaedria,
911 1229 1014 1257 eum
1067 1215 1240 1270 require
1294 1222 1427 1270 atque
1479 1215 1567 1256 huc
1620 1212 1806 1256 adduce.

567 1286 647 1327 PH.
686 1286 778 1327 Eo:

246 1358 328 1398 310
479 1354 619 1397 Recta
644 1356 715 1396 uia
738 1356 919 1409 quidem
943 1355 1059 1397 1'lluc.
1096 1354 1179 1397 GE.
1214 1355 1391 1410 Nempe
1415 1356 1470 1396 ad
1494 1353 1784 1409 Pamphilam.

362 1426 450 1468 DE.
482 1427 582 1480 Ego
606 1423 712 1466 deo's
736 1426 908 1479 penatis
932 1424 1035 1466 hinc
1058 1423 1295 1466 salutatum
1318 1427 1503 1466 domum

480 1493 724 1544 Demfirtam
774 1495 876 1535 inde
920 1495 993 1535 ibo
1036 1493 1092 1535 eid
1131 1494 1274 1535 forum
1311 1502 1444 1549 atque
1482 1493 1662 1549 aliquo'd
1701 1493 1807 1535 mihi

478 1563 666 1606 Amicos
689 1563 938 1613 aduoczibo,
964 1565 1018 1605 ad
1043 1564 1157 1604 hanc
1182 1578 1274 1605 rem
1298 1565 1373 1619 qui
1396 1563 1582 1614 zidsient,

479 1635 542 1677 Vt
564 1647 618 1675 ne
641 1631 868 1687 inparatus
892 1633 989 1683 sim,
1014 1634 1048 1675 si
1073 1634 1222 1676 ueniat
1245 1632 1464 1676 Pthrmio.

1880 463 1918 494 70

1883 809 1922 844 75

1883 1359 1925 1391 80
