2054 3197
190 248 242 287 88
750 235 996 271 TERENTI
1036 232 1302 269 PHoRM10.

307 368 391 411 CH.
422 367 559 408 Estne
583 365 641 407 ita
664 364 732 406 utz'
752 364 845 404 dixi
869 361 1088 403 liberalis?
1141 359 1228 399 DE.
1264 345 1462 411 Oppido.
1789 357 1859 398 (12)

424 433 653 490 Quantum
678 440 838 488 potest,
865 445 979 472 nunc
1003 428 1359 471 conueniundust
1381 423 1602 472 Phormio,

421 506 543 547 Prius
567 502 699 559 quam
723 502 936 556 dilapidat
959 499 1127 540 nostras
1150 494 1329 550 triginta
1354 496 1493 535 minas

421 576 482 616 Vt
505 573 767 615 auferamus.
823 572 905 612 PH.
942 568 1272 621 Demiphonem
1297 564 1332 606 si
1356 564 1521 605 domist
1848 575 1863 608 5

191 649 272 687 ΠΟΟ
422 645 589 692 Visam,
634 642 680 684 ut
729 642 850 696 quod
896 674 904 682 .
951 670 958 679 .
1004 640 1090 679 DE.
1146 636 1209 677 At
1253 649 1332 676 nos
1375 632 1430 674 ad
1473 640 1516 674 te
1560 631 1744 677 ibamus,

513 712 732 754 Phormio.

309 785 388 826 PH.
421 785 489 825 De
532 784 689 824 eadem
739 779 822 821 hac
877 779 1061 820 fortasse
1105 774 1264 817 causa?
1329 774 1415 813 DE.
1473 771 1542 812 Ita
1584 769 1744 811 hercle.

513 854 595 894 PH.
632 851 837 893 Credidi:

426 922 547 975 Quid
590 920 646 962 ad
689 934 759 960 me
803 920 960 960 ibatis?
1042 917 1128 956 DE.
1184 912 1454 954 Ridiculum.
1539 910 1621 950 PH.
1675 908 1750 949 An

515 990 730 1032 rebzimini

426 1062 506 1102 Me
531 1060 616 1101 non
641 1061 682 1100 id
708 1060 857 1106 faeere,
882 1055 1000 1111 quo'd
1026 1054 1291 1108 recepissem
1315 1050 1480 1091 semel?

430 1131 570 1177 Heus,
625 1127 791 1183 quanta
849 1133 1014 1181 quanta
1070 1124 1180 1165 haec
1234 1122 1331 1162 me‘a
1382 1124 1621 1174 paupertas
1670 1117 1786 1164 est,-
1833 1129 1868 1151 10

519 1208 666 1241 tamen

199 1273 280 1312 905
435 1268 600 1311 Adhuc
657 1268 807 1308 curaui
862 1279 998 1306 unum
1062 1261 1145 1303 hoc
1197 1261 1392 1315 quidem,
1438 1265 1484 1299 ut
1534 1257 1592 1298 mi
1639 1255 1753 1297 esset

520 1339 644 1379 fides.

431 1410 572 1462 quue
595 1406 708 1448 adeo
733 1406 864 1446 uenio
889 1402 1151 1447 nuntiatum,
1176 1398 1417 1453 Demipho,

433 1476 635 1519 Paratum
662 1490 731 1516 me
755 1488 878 1515 esse:
913 1474 985 1514 ubi
1012 1471 1153 1517 uoltis,
1180 1469 1366 1511 uxorem
1391 1468 1504 1508 date.

431 1549 548 1589 Nam
572 1545 715 1587 omnis
740 1544 978 1599 posthabui
1004 1541 1109 1582 mihi
1134 1555 1213 1587 res,
1239 1541 1297 1580 ita
1321 1538 1381 1579 uti
1407 1535 1486 1591 par
1508 1535 1601 1584 fuit,
1836 1548 1870 1580 15

434 1619 674 1670 Postquam
718 1614 761 1655 1'd
803 1620 926 1655 tanto
970 1625 1105 1666 opere
1149 1608 1227 1651 uos
1271 1608 1384 1649 uelle
1435 1606 1627 1647 animum
1680 1603 1755 1645 ad-

522 1684 756 1727 uorteram.

204 1759 283 1799 910
320 1759 405 1798 DE.
437 1756 500 1797 At
522 1754 593 1795 hic
618 1754 878 1795 dehortatus
901 1752 967 1792 est
990 1765 1074 1797 me,
1100 1763 1153 1790 ne
1178 1749 1293 1789 illam
1319 1746 1397 1789 tibi
1422 1747 1596 1787 darem:

435 1826 574 1866 ‘Nam
598 1823 674 1878 qul
697 1823 778 1864 erit
801 1836 950 1862 rumor
974 1819 1154 1875 populi,'
1180 1819 1334 1872 inquit,
1367 1817 1427 1856 ‘si
1452 1817 1494 1856 id
1519 1814 1700 1855 seceris?

435 1894 555 1937 Olim
579 1907 716 1947 quom
740 1894 924 1933 honeste
951 1889 1105 1944 po'tuit,
1129 1896 1219 1930 tum
1247 1901 1333 1928 non
1357 1887 1430 1945 e'st·
1445 1886 1574 1926 data:

435 1966 566 2005 Nunc
590 1962 770 2016 uiduam
795 1961 969 2002 extrudi
995 1958 1198 2013 turpest'.
1234 1957 1370 1998 ferme
1405 1956 1560 1996 eadem
1595 1952 1756 2000 omnia,
1838 1965 1876 1988 20

437 2034 565 2086 Quae
588 2031 679 2074 tute
703 2032 872 2072 dudum
897 2029 1044 2070 coram
1070 2042 1139 2069 me
1164 2025 1457 2068 incusaueras.

206 2107 286 2146 915
322 2106 404 2145 ΡΗ.
437 2104 552 2144 Satis
586 2102 777 2155 superbe
812 2098 1007 2140 inluditis
1042 2112 1121 2138 me.
1176 2098 1263 2138 DE.
1300 2094 1417 2148 Qui?
1463 2094 1545 2134 PH.
1581 2092 1761 2146 Rogas?

438 2172 555 2225 Quia
579 2186 632 2212 ne
655 2170 837 2211 alteram
862 2170 1042 2224 quidem
1067 2167 1184 2208 illam
1209 2173 1365 2220 potero
1389 2162 1572 2211 ducere;

438 2243 552 2282 Nam
585 2239 672 2294 quo
705 2241 858 2280 redibo
887 2253 961 2279 ore
994 2237 1049 2278 ad
1084 2250 1181 2277 eam
1216 2248 1350 2289 quam
1384 2231 1758 2284 contempserim?

325 2313 412 2354 C11.
442 2312 582 2351 ‘Tum
642 2317 790 2350 autem
842 2301 1151 2361 Antiphonem
1206 2304 1336 2346 uideo
1390 2303 1444 2343 ab
1495 2314 1589 2342 sese
1636 2298 1760 2340 amit·
1840 2313 1877 2345 :5

530 2387 621 2420 tere

444 2448 638 2489 Inuitum
663 2447 785 2488 eam’
812 2448 957 2500 inque.
1022 2446 1105 2485 DE.
1139 2445 1252 2484 Tum
1285 2441 1428 2482 autem
1462 2440 1593 2481 uideo
1624 2437 1761 2479 silium

210 2521 291 2561 920
444 2518 638 2559 Inuitum
663 2531 766 2557 sane
791 2515 1018 2556 mulierem
1044 2515 1097 2554 ab
1122 2527 1166 2553 se
1191 2511 1403 2552 amittere.

445 2588 529 2629 Sed
555 2586 687 2628 trainsi
712 2587 842 2627 sodes
865 2584 920 2625 ad
946 2585 1088 2624 sorum
1114 2590 1245 2635 atque
1271 2579 1373 2621 illud
1399 2580 1504 2619 mihi

444 2658 695 2709 Argentum
721 2669 892 2696 rursum
918 2653 1018 2693 iube
1043 2652 1235 2695 rescribi.
1262 2649 1480 2691 Phormio.

330 2730 410 2771 PH.
446 2726 638 2779 Quodne
661 2726 746 2779 ego
770 2723 971 2777 discripsi
996 2721 1126 2776 porro
1151 2721 1232 2761 illis
1256 2720 1416 2774 quibus
1441 2716 1601 2759 debui?
1840 2729 1880 2761 30
