2054 3197
179 200 236 240 34

180 592 204 632 0³

239 593 262 632 Q

180 1009 263 1050 380

181 1498 261 1539 385

181 2056 263 2095 390

180 2611 261 2652 395

297 311 369 353 GE

297 521 368 563 GE

297 592 365 632 ΡΗ

301 1219 382 1260 PH.

297 1359 386 1401 DE.

298 1429 381 1471 PH.

298 1638 380 1678 PH.

298 1917 381 1957 DE.

298 2195 386 2235 DE.

298 2541 372 2583 DE

740 185 988 219 TERENTI
1028 182 1296 220 PHORMIO.

419 310 576 365 Pergin
600 325 675 353 ero
699 311 871 352 absenti
897 309 1009 352 maile
1034 311 1168 366 loqui,
1194 309 1519 364 inpurissume?

414 382 616 435 Dignum
645 379 793 422 autem
824 381 910 421 hoc
941 380 1070 422 illost.
1135 379 1218 421 GE.
1252 379 1343 420 Ain
1374 387 1531 427 tamen,
1563 377 1740 419 carcer?

501 451 588 492 DE.
625 450 751 492 Geta.

415 519 642 562 Bono'rum
687 527 901 568 extortor,
946 519 1095 573 le'gum
1143 517 1394 560 contorto'r!
1475 519 1560 559 DE.
1616 516 1741 559 Geta.

415 589 667 645 Responde.
734 588 817 630 GE.
864 589 977 643 Quis
1010 589 1217 630 homost?
1260 588 1403 629 ehem.
1469 588 1557 629 DE.
1605 586 1740 628 Tace.

502 660 586 701 GE.
621 658 815 700 Absenti
839 659 920 700 tibi

412 731 476 771 Te
500 729 702 783 indignas
726 743 863 784 seque
887 728 1044 782 dignas
1069 728 1359 770 contumelias

412 799 670 854 Numquam
695 800 886 840 cessauit
908 798 1056 840 dicere
1080 799 1226 840 hodie.
1292 799 1380 839 DE.
1416 798 1594 840 Desine.

412 870 706 918 Adulescens,
740 869 935 924 primum
970 869 1049 909 abs
1081 875 1124 909 te
1163 867 1246 909 ho‘c
1290 868 1408 908 bona
1451 866 1581 908 uenia't
1623 874 1742 922 pet0‚

413 940 459 981 Si
483 939 560 980 tibi
586 940 761 994 placere
785 937 900 993 potis
923 945 1002 986 est,
1028 939 1084 978 mi
1111 945 1159 979 ut
1182 937 1475 992 respondeas:

415 1009 562 1063 Quem
588 1008 782 1050 amicum
806 1016 931 1050 tuom
956 1016 1019 1049 a'ss
1044 1007 1177 1049 fuisse
1202 1009 1346 1055 istum,
1373 1006 1568 1062 explano.

503 1079 626 1128 mihi,

416 1149 475 1190 Et
497 1148 573 1203 qu1'
596 1155 838 1202 cognatum
862 1148 932 1189 me'
956 1148 1039 1189 sibi
1063 1162 1158 1188 esse
1182 1146 1361 1189 diceret.

416 1219 605 1260 Proinde
628 1219 861 1273 e'xpiscare
890 1216 1015 1272 quz'zsi
1046 1232 1135 1258 non
1166 1231 1332 1258 nosses.
1398 1218 1484 1259 DE.
1520 1216 1738 1259 Nossem?

503 1289 586 1330 PH.
622 1289 703 1330 Ita.

419 1358 520 1412 Ego
545 1359 614 1399 me
637 1372 753 1412 nego
774 1372 782 1399 :
814 1365 860 1399 tu
886 1357 962 1412 qui
985 1366 1047 1398 a‘ss
1072 1358 1224 1411 redige
1249 1357 1290 1397 in
1315 1357 1588 1398 memoriam.

416 1428 518 1470 Eho
561 1426 622 1477 tii,
655 1429 885 1469 sobrinum
929 1426 1052 1468 tuom
1087 1441 1175 1468 non
1210 1431 1369 1467 noras?
1432 1427 1520 1467 DE.
1567 1418 1742 1468 Enicas.

415 1499 499 1539 Dic
543 1497 715 1539 nomen.
797 1497 876 1539 PH.
921 1498 1129 1538 Nomen?
1193 1495 1415 1538 maxume.
1491 1498 1577 1538 DE.
1623 1497 1744 1550 Quid

504 1566 618 1608 nunc
642 1571 792 1608 taces?

415 1639 526 1679 Perii
570 1638 729 1685 hercle,
773 1651 937 1677 nomen
980 1636 1166 1691 perdidi.
1245 1636 1334 1678 DE.
1395 1633 1563 1692 [Hem]
1623 1636 1744 1690 Quid

502 1707 593 1749 ai‘s?
658 1708 737 1748 PH.
774 1706 901 1754 Geta,

416 1777 461 1818 Si
487 1778 724 1818 meministi
749 1777 791 1817 id
817 1777 938 1830 quod
962 1774 1067 1816 olim
1091 1776 1315 1824 dictumst,
1340 1774 1504 1818 subice.
1539 1776 1656 1825 hem,

418 1847 522 1887 Non
554 1846 680 1887 dico:
729 1847 855 1900 quasi
889 1860 978 1886 non
1022 1844 1187 1894 nosses,
1232 1853 1499 1900 temptatum
1542 1833 1744 1887 ssiduenis.

417 1917 517 1969 Ego
545 1915 693 1956 autem
725 1920 928 1970 tempto?
992 1915 1076 1957 GE.
1114 1914 1268 1969 Stilpo.
1334 1915 1416 1956 PH.
1452 1915 1606 1969 Atque
1630 1917 1743 1957 adeo

503 1985 609 2039 quid
635 1990 761 2026 mea?

413 2054 604 2110 Stilpost.
691 2056 778 2096 DE.
835 2055 982 2108 Quem
1027 2056 1169 2096 dixti?
1253 2056 1335 2096 PH.
1391 2054 1638 2109 Stilponem
1682 2056 1745 2096 in-

503 2139 637 2179 quam
662 2123 861 2166 noueras.

418 2195 577 2248 Neque
651 2195 738 2247 ego
797 2195 920 2235 illum
984 2208 1139 2235 noram
1203 2195 1346 2248 neque
1406 2195 1463 2235 mi
1529 2193 1744 2248 cognatus

502 2264 583 2304 fuit

416 2332 668 2387 Quisquam
703 2333 812 2375 istoc
845 2335 1035 2375 nomine.
1086 2333 1172 2374 PH.
1207 2323 1361 2374 stane?
1395 2347 1483 2374 non
1514 2340 1556 2374 te
1584 2332 1742 2374 horum

503 2404 670 2456 pudet?

414 2471 479 2513 At
502 2471 537 2513 si
560 2473 773 2513 talentum
799 2473 889 2513 rem
915 2473 1160 2526 reliquisset
1183 2473 1353 2519 decem,

420 2543 475 2582 Di
515 2541 593 2582 tibi
633 2541 935 2582 malefaciant!
1004 2542 1083 2582 1³11.
1130 2541 1298 2595 primus
1333 2556 1451 2583 esses
1491 2542 1744 2583 memoriter

419 2611 681 2665 Progeniem
718 2617 914 2652 uostram
946 2625 1085 2665 usque
1119 2610 1175 2651 ab
1207 2625 1291 2652 auo
1326 2618 1458 2665 atque
1486 2618 1617 2652 atauo
1642 2610 1741 2665 pro'-

505 2681 660 2722 ferens.

1817 813 1860 846 30

1823 1792 1862 1821 40
