2054 3197
211 206 264 258 78
770 203 1017 237 TERENTI
1056 202 1327 237 PHORMIO.

211 330 293 371 810
326 331 415 372 DE.
445 330 566 384 Quid
599 331 693 372 est?
732 330 819 372 CH.
855 331 952 371 Itan
986 343 1171 384 paruam
1205 328 1310 370 mihi
1350 328 1483 369 fidem
1523 341 1617 369 esse
1652 326 1769 382 apud

530 400 597 441 te!
662 400 750 440 DE.
784 399 871 440 Vin
896 414 965 440 me
989 400 1197 440 credere?

440 470 527 511 Vin
564 468 668 510 saitis
704 469 953 524 quaesitum
990 469 1048 509 mi
1085 467 1196 509 istuc
1227 471 1352 509 esse?
1386 480 1482 521 age,
1514 465 1601 508 fiat.
1637 466 1770 520 quid?

533 539 605 579 illa
627 538 717 579 filia

441 607 591 649 Amici
636 608 773 649 nostri
817 606 923 662 quid
967 605 1237 648 futurumst?
1312 606 1400 647 CH.
1458 605 1609 646 Recte.
1683 606 1770 647 DE.

534 678 664 718 Hanc
688 678 821 731 igitur
844 675 1088 718 mittimus?

327 747 415 789 CH.
448 746 569 800 Quid
614 748 685 787 ni?
749 747 836 787 DE.
882 735 961 786 illa
1006 749 1209 786 maneat?
1272 744 1360 786 CH.
1406 743 1488 786 είς.
1567 744 1655 784 DE.
1699 744 1768 784 Ire
1847 758 1887 790 30

529 817 662 870 igitur
683 815 762 857 t1'bi
787 816 902 864 licet,
926 814 1218 856 Nausistrata.

324 886 411 928 NA.
447 885 519 927 Sic
563 884 637 940 pol
681 886 964 926 commodius
1006 885 1101 925 esse
1145 884 1188 924 in
1222 884 1367 925 omnis
1399 881 1602 931 arbitror,
1639 896 1771 936 quam

530 962 578 996 ut
610 955 837 1009 coe'peras,

209 1026 289 1065 815
443 1025 624 1065 Mane're
667 1024 804 1074 hanc;
844 1037 946 1064 nam
982 1022 1256 1078 perliberalis
1300 1022 1448 1070 uisast,
1489 1035 1627 1076 quom
1666 1020 1771 1070 uidi,

532 1094 726 1135 mihi.—

325 1164 408 1205 DE.
441 1162 562 1216 Quid
587 1161 698 1204 istuc
722 1163 943 1217 negotist?
1007 1162 1095 1203 CH.
1132 1160 1287 1202 Limne
1311 1161 1488 1216 operuit
1509 1159 1700 1202 ostium?

528 1233 613 1274 DE.
652 1233 761 1273 Iam.
824 1232 912 1273 CH.
948 1232 987 1274 O
1022 1230 1235 1286 Iuppiter,

443 1302 502 1342 Di
534 1301 612 1343 nos
643 1302 904 1355 respiciunt:
945 1299 1124 1355 gnatam
1158 1301 1305 1342 inueni
1341 1299 1524 1355 nuptam
1558 1314 1660 1341 cum
1695 1306 1772 1341 tuo

531 1371 636 1412 fssio.
699 1372 786 1412 DE.
821 1371 953 1419 Hem,

444 1440 547 1494 Quo
592 1439 725 1495 pacto
774 1437 864 1495 [id]
913 1440 1088 1494 potuit?
1150 1440 1237 1482 CH.
1281 1439 1383 1481 Non
1416 1440 1520 1482 satis
1552 1446 1674 1481 tutus
1706 1439 1772 1480 e'st
1850 1455 1888 1488 35

530 1511 584 1551 ad
609 1511 877 1551 narrandum
901 1509 973 1551 h1'c
997 1511 1133 1551 locus.

326 1581 413 1621 DE.
446 1580 508 1622 At
544 1587 588 1621 tu
634 1579 747 1621 intro
787 1579 872 1621 abi.
937 1580 1026 1622 CH.
1074 1580 1214 1630 Heus,
1251 1594 1305 1621 ne
1344 1579 1419 1621 filii
1460 1580 1642 1634 quidem
1685 1579 1771 1620 hoc

530 1648 664 1691 nostri
689 1647 927 1692 resciscant
951 1650 1055 1691 uolo

934 1923 1165 1966 ANTIPHO

910 2022 1180 2049 ADVLESCENS

212 2138 294 2178 820
445 2136 607 2179 Laetus
650 2151 762 2186 sum,
807 2144 855 2179 ut
898 2152 1023 2180 meae
1067 2153 1134 2180 res
1179 2140 1273 2180 sese
1317 2139 1497 2188 habent,
1537 2138 1656 2181 fratri
1699 2137 1773 2180 6b-
1799 2138 1890 2189 V4

531 2208 682 2259 tigisse
707 2206 826 2261 quod
851 2209 958 2250 uolt.

445 2276 594 2329 Quam
627 2275 843 2325 scitumst‚
879 2279 972 2319 eius
1006 2279 1126 2319 modi
1161 2277 1202 2318 1'n
1237 2279 1384 2319 animo
1419 2276 1573 2332 para're
1608 2278 1774 2332 cupidi-

534 2344 659 2393 tates,

448 2414 585 2468 Quas,
639 2414 774 2469 quom
832 2430 899 2456 res
957 2417 1174 2457 admorsae
1233 2417 1358 2465 sient,
1417 2415 1547 2470 paulo
1606 2417 1772 2458 mederi

534 2483 699 2538 possis!

449 2554 535 2594 Hic
571 2553 700 2595 simul
739 2561 970 2608 argentum
1004 2555 1211 2609 repperit,
1247 2554 1350 2596 cura
1386 2569 1481 2596 sese
1515 2555 1768 2610 expediuit;

448 2624 546 2677 Ego
590 2623 710 2665 nullo
754 2638 938 2678 possum
983 2625 1178 2665 remedio
1227 2639 1296 2665 me
1347 2623 1552 2666 euoluere
1600 2639 1656 2666 ex
1707 2625 1773 2666 his

536 2692 687 2740 turbis,
