2054 3197
190 247 244 287 97
751 228 997 263 TERENTI
1038 226 1305 261 PHORMIO.

309 358 396 399 CH.
427 356 530 410 Quo
555 354 688 410 pacto
713 362 788 396 aut
811 355 928 395 unde
952 354 1021 394 hic
1047 353 1155 393 haec
1180 352 1385 393 resciuit?
1432 350 1520 390 DE.
1553 347 1741 397 Nescio;

425 427 519 466 Nisi
546 426 614 466 me'
637 426 803 466 dixisse
828 424 990 464 ne'mini
1015 421 1134 463 certo'
1158 422 1263 462 scio.

309 497 394 539 CH.
426 495 630 543 Monstri,
687 493 746 535 ita
798 507 868 534 me
926 494 969 533 di
1025 498 1186 540 ament,
1238 489 1391 531 simile.
1475 489 1558 529 PH.
1613 487 1748 528 Inieci

513 563 785 618 scrupulum.
850 563 938 602 DE.
975 562 1107 609 Hem,

193 638 274 678 955
426 635 588 676 Hicine
614 641 660 675 ut
683 649 707 673 a
731 633 859 673 nobis
884 630 967 672 hoc
991 638 1162 672 tantum
1187 629 1355 682 argenti
1380 626 1548 668 auferat

423 707 534 746 Tam
559 705 712 758 aperte
737 703 958 742 inridens?
991 701 1129 741 emori
1154 699 1301 739 hercle
1324 696 1460 739 satius
1483 703 1562 737 est.

425 773 591 815 Animo'
616 773 727 814 uirili
753 771 1063 826 praesentique
1088 777 1134 810 ut
1157 768 1213 809 sis
1238 782 1357 821 para.

424 845 562 885 Vides
585 851 708 884 tuom
734 839 966 896 peccatum
992 853 1086 880 esse
1112 836 1273 879 elatum
1298 837 1414 877 foras

426 915 584 967 Neque
610 914 693 953 iam
719 911 761 953 1'd
786 912 929 952 celare
953 908 1083 963 posse
1107 916 1148 949 te
1174 908 1360 948 uxorem
1383 913 1528 947 tuam:

197 984 277 1025 960
428 984 558 1023 Nunc
608 981 727 1036 quod
778 982 873 1035 ipsa
923 994 979 1020 ex
1027 979 1120 1018 aliis
1171 975 1371 1017 auditura
1413 974 1481 1023 sit,
1526 973 1751 1021 Chremes,

430 1053 480 1093 Id
505 1051 676 1092 nosmet
700 1049 893 1091 indicare
919 1047 1178 1104 placabilius
1204 1054 1281 1087 est.

428 1122 542 1162 Tum
568 1121 684 1161 hunc
710 1120 963 1174 inpuratum
988 1117 1229 1172 poterimus
1254 1113 1404 1156 nostro
1429 1115 1571 1169 modo·

427 1190 606 1232 Vlcisci.
671 1191 753 1231 PII.
787 1189 926 1236 Attae
953 1187 1032 1229 nisi
1058 1188 1115 1228 mi
1141 1187 1380 1241 prospicio,
1406 1184 1581 1225 hae'reo.

432 1261 492 1301 Hi
517 1259 780 1313 gladiatorio
804 1257 952 1298 animo
978 1259 1031 1298 ad
1056 1271 1125 1297 me
1150 1254 1373 1297 adfectant
1398 1255 1529 1294 uiam.

201 1331 280 1371 965
317 1331 404 1372 CH.
434 1331 497 1371 At
520 1331 676 1370 uereor
707 1335 754 1369 ut
788 1326 950 1382 placa'ri
990 1327 1142 1381 possit.
1204 1327 1290 1366 DE.
1337 1323 1461 1364 Bono
1496 1324 1642 1364 animo
1680 1336 1748 1363 es:

433 1400 532 1452 Ego
567 1399 764 1452 redigam
799 1412 878 1438 uos
914 1398 954 1437 in
990 1395 1188 1449 gratiam,
1224 1396 1309 1436 hoc
1344 1392 1492 1442 fretus,
1526 1393 1753 1439 Chremes,

434 1469 584 1522 Quom
642 1482 665 1508 e
723 1467 869 1508 me'dio
925 1466 1116 1507 excessit
1172 1463 1288 1506 unde
1343 1465 1452 1505 haec
1508 1460 1756 1516 susceptast

456 1532 493 1541 p
520 1539 612 1578 tibi.
646 1565 652 1572 -

318 1610 399 1651 PH.
435 1609 531 1650 Itan
554 1606 682 1660 agitis
708 1610 911 1647 mecum?
945 1604 1048 1647 satis
1072 1612 1213 1646 astute
1237 1604 1542 1658 adgredimini.

435 1679 534 1718 Non
559 1677 704 1717 he'rcle
728 1691 785 1717 ex
809 1690 852 1716 re
877 1676 1000 1716 istius
1025 1689 1094 1715 me
1118 1674 1348 1728 instigasti,
1372 1674 1612 1728 Demipho.

202 1748 283 1791 970
433 1748 523 1788 Ain
547 1751 622 1788 tu?
657 1745 730 1786 ubi
755 1759 868 1803 quae
892 1746 1081 1786 lubitum
1106 1743 1235 1785 fuerit
1259 1759 1443 1798 peregre
1468 1744 1620 1784 feceris

433 1818 592 1871 Neque
617 1815 745 1856 huius
769 1816 826 1856 sis
851 1816 1015 1856 ueritus
1040 1814 1227 1855 feminae
1251 1813 1498 1868 primariae,

435 1887 554 1940 Quin
580 1885 697 1926 nouo
722 1886 857 1926 modo
882 1893 923 1925 e's
946 1883 1111 1925 faceres
1136 1885 1467 1931 contumeliam,

432 1954 597 1997 Venias
621 1970 736 1996 nunc
761 1955 967 2009 precibus
991 1953 1160 2009 laQum
1185 1952 1418 2008 peccatum
1441 1956 1596 1994 tuom?

434 2026 571 2066 Hisce
595 2026 679 2078 ego
705 2025 822 2065 illam
847 2025 974 2065 dictis
999 2023 1057 2065 1'ta
1079 2025 1159 2065 tibi
1184 2022 1408 2064 incensam
1432 2023 1564 2070 dabo,

204 2098 285 2138 975
435 2096 495 2135 Vt
519 2096 570 2135 ne
596 2095 853 2147 restinguas,
880 2093 1085 2134 lacrumis
1109 2095 1142 2134 si
1168 2082 1452 2151 ess'tillaueris.

321 2166 407 2206 DE.
442 2161 636 2218 [Malum
661 2165 781 2217 quod
807 2164 875 2204 isti
899 2164 942 2204 di
966 2165 1167 2217 deaeque
1191 2177 1346 2203 omnes
1368 2159 1531 2217 duint]

435 2232 634 2273 Tantane
683 2233 906 2274 adfectum
955 2234 1226 2287 quemquam
1274 2246 1369 2272 esse
1417 2231 1644 2271 hominem
1693 2243 1762 2270 au-

526 2301 675 2343 dzicia!

439 2373 541 2413 Non
566 2371 648 2412 hoc
673 2373 911 2426 publicitus
935 2372 1076 2412 sce'lus
1100 2372 1201 2412 hinc
1225 2369 1489 2424 asportz'irier

440 2443 490 2482 In
515 2440 628 2481 solas
652 2443 812 2482 terras!
851 2442 937 2483 CII.
975 2431 1023 2481 ln
1049 2442 1090 2481 id
1116 2443 1320 2481 redactus
1343 2439 1438 2480 sum
1464 2439 1560 2485 loci,

208 2513 289 2553 980
439 2512 500 2552 Vt
542 2510 647 2565 quid
692 2525 820 2563 agam
865 2525 966 2551 cum
1011 2511 1084 2550 illo
1129 2511 1320 2550 nesciam
1376 2522 1592 2563 prorsum.

532 2573 630 2633 ligo
654 2582 768 2621 scio:

443 2652 492 2691 In
518 2649 581 2690 itis
606 2664 769 2690 eamus.
832 2650 913 2690 PII.
950 2638 999 2689 ln
1025 2649 1118 2689 ius?
1151 2649 1250 2695 huc,
1275 2649 1309 2688 si
1333 2647 1437 2702 quid
1463 2648 1597 2688 lubet.

328 2722 415 2762 CH.
448 2721 722 2773 Aclsd-quere,
749 2719 897 2765 retine,
923 2717 1027 2759 dum
1052 2732 1136 2771 ego
1160 2718 1246 2758 huc
1270 2731 1421 2758 seruos
1444 2718 1597 2758 e'uoco.

1679 2508 1761 2548 DE.

1824 421 1865 452 60
