2054 3197
245 424 296 465 75

242 772 295 811 80

242 1119 293 1158 85

241 1467 294 1507 90

243 2233 321 2273 100

247 2581 322 2621 105

356 564 442 605 DA.

361 771 443 812 GE.

806 226 1051 260 TERENTI
1090 224 1357 259 PHORMIO.

479 353 666 395 Memini
689 354 875 408 relinqui
900 354 969 394 me
988 354 1072 394 deo
1097 350 1205 393 irato
1230 364 1342 392 meo.

478 424 618 478 Coepi
642 422 868 464 aduorsari
893 422 1061 477 primo:
1101 422 1207 475 quid
1233 418 1378 461 uerbis
1403 422 1564 473 opust?

481 493 587 535 Seni
611 494 750 534 fidelis
774 492 878 533 dum
904 506 1014 539 sum,
1040 491 1243 544 scapulas
1267 489 1453 544 perdidi.

477 564 649 604 Venere
674 564 715 603 in
740 569 932 603 mentem
958 561 1015 601 mi
1040 560 1196 601 istaec:
1237 572 1430 612 namque
1454 556 1680 605 inscffiast,

476 632 735 673 Aduorsum
760 632 986 672 stimulum
1005 629 1160 670 calces.
1226 628 1309 669 GE.
1345 628 1484 680 Coepi
1507 628 1568 668 eis
1592 625 1741 667 omnia

476 704 655 749 Facere,
680 701 864 755 obsequi
884 714 998 754 quae
1022 699 1196 740 uellent.
1262 699 1349 739 DA.
1386 698 1515 739 Scisti
1540 695 1602 738 uti
1625 696 1734 737 soro.

476 772 638 812 Noster
662 771 761 811 mali
787 771 843 811 nil
868 769 1107 824 quicquam
1132 769 1299 822 primo3
1339 768 1409 808 hic
1433 767 1648 808 Phae'dria

476 840 699 882 Continuo
724 841 944 895 quandam
971 838 1125 880 nactus
1149 845 1214 879 est
1237 837 1477 892 puellulam

475 909 810 957 Citharistriam,
835 910 946 950 hanc
972 907 1118 949 ama're
1142 908 1291 961 coepit
1313 907 1497 961 perdite.

474 980 541 1020 Ea
563 980 783 1020 seruiebat
806 980 951 1019 lenoni
978 977 1292 1032 inpurissumo‚

475 1050 635 1103 Neque
659 1048 777 1104 quod
802 1050 979 1090 daretur
1003 1047 1267 1102 quicquam;
1307 1047 1349 1087 id
1374 1044 1578 1088 curarant
1601 1052 1758 1100 patres.

475 1118 688 1160 Restabat
710 1119 827 1159 aliud
852 1117 910 1159 nil
935 1119 1014 1158 nisi
1037 1119 1190 1158 oculos
1214 1116 1409 1171 pascere,

476 1187 656 1237 Sectz'lri,
682 1190 723 1228 in
749 1189 899 1229 ludum
926 1187 1088 1228 ducere
1112 1194 1155 1229 et
1178 1185 1434 1228 redducere.

474 1259 569 1299 Nos
592 1256 720 1299 otiosi
744 1256 927 1311 operam
951 1258 1166 1298 dabamus
1191 1257 1444 1297 Phaedriae.

476 1327 525 1368 In
550 1342 639 1382 quo
663 1328 771 1368 haec
795 1328 995 1368 discebat
1017 1326 1134 1375 ludo,
1158 1328 1459 1367 exaduorsum
1484 1324 1585 1366 ilico

473 1396 710 1438 Tonstrina
733 1404 825 1438 erat
847 1398 1090 1451 quaedam:
1131 1395 1201 1437 hic
1225 1394 1478 1438 solebamus
1503 1395 1592 1436 sere

474 1466 736 1520 Plerumque
760 1481 856 1507 eam
881 1466 1089 1521 opperiri,
1115 1468 1221 1507 dum
1246 1467 1347 1507 inde
1372 1466 1451 1508 ire't
1472 1466 1665 1507 domum.

474 1537 648 1578 Inte'rea
670 1538 776 1577 dum
801 1537 1006 1577 sedemus
1031 1537 1101 1584 illi,
1127 1537 1362 1577 interuenit

472 1606 751 1647 Adulescens
775 1608 957 1660 quidam
980 1605 1238 1647 lacrumans.
1304 1620 1384 1647 nos
1408 1604 1627 1655 mirarier;

474 1675 703 1730 Rogumus
742 1678 848 1730 quid
892 1678 959 1718 sit.
1024 1681 1032 1697 ‘
1054 1675 1297 1731 numquam
1337 1677 1501 1730 aeque'
1542 1676 1684 1730 inquit
1721 1680 1730 1696 ‘
1747 1674 1798 1717 ac

560 1747 695 1787 modo

473 1816 711 1869 Paupertas
736 1816 841 1856 mihi
866 1829 978 1857 onus
1003 1815 1191 1857 uisumst
1214 1822 1257 1857 et
1280 1817 1489 1857 miserum
1513 1818 1556 1859 e't
1579 1831 1727 1871 graue.

473 1886 613 1926 Modo
639 1884 862 1939 quundam
887 1887 975 1926 uidi
1002 1885 1220 1939 uirginem
1247 1886 1316 1926 hic
1342 1886 1531 1928 uiciniae

473 1953 683 1995 Miserum
707 1969 830 1995 suam
857 1962 1042 1996 matrem
1067 1954 1296 1996 lamentari
1323 1956 1551 1998 mortuam.

472 2024 537 2064 Ea
560 2023 642 2065 sita
664 2032 756 2066 erat
779 2024 1092 2073 exaduorsum,
1118 2039 1262 2080 neque
1286 2026 1344 2066 illi
1369 2027 1604 2068 beniuolus

472 2094 630 2147 Neque
654 2093 783 2135 notus
808 2109 951 2148 neque
976 2094 1192 2148 cognatus
1217 2103 1342 2137 extra
1367 2111 1498 2137 unam
1523 2095 1743 2138 aniculam

473 2163 723 2217 Quisquam
746 2164 910 2213 aderat,
935 2166 1009 2219 qui
1035 2165 1252 2208 adiutziret
1274 2166 1426 2208 funus:
1466 2166 1766 2208 miseritumst.

471 2234 610 2286 Virgo
636 2232 730 2287 ipsa
754 2234 862 2274 facie
887 2236 1089 2288 egregia)
1154 2237 1260 2290 quid
1285 2235 1432 2277 uerbis
1456 2241 1617 2290 opust?

473 2301 731 2343 Commorat
754 2305 897 2344 omnis
922 2303 1012 2345 no's.
1078 2306 1137 2346 ibi
1161 2307 1374 2347 continuo
1398 2297 1600 2360 Antipho

474 2376 482 2391 ⁴
500 2371 700 2412 Voltisne
725 2387 877 2413 eamus
903 2373 1096 2415 uisere?’
1132 2376 1240 2416 alius
1265 2377 1475 2416 ‘censeot

475 2440 663 2482 Eaimus:
703 2443 789 2482 (luc
814 2457 892 2483 nos
916 2442 1074 2485 sodes)
1140 2446 1266 2493 imus,
1293 2446 1508 2493 uenimus,

473 2511 701 2552 Videmus.
766 2513 892 2565 uirgo
919 2511 1113 2566 pulchra,
1139 2522 1182 2556 et
1205 2529 1293 2569 quo
1319 2516 1460 2569 magis
1483 2514 1666 2566 diceres,

475 2581 546 2621 Nil
570 2580 722 2622 aderat
745 2582 985 2623 adiumenti
1010 2584 1063 2623 ad
1089 2583 1489 2637 pulchritudinem:

477 2650 672 2705 Capillus
698 2665 867 2705 passus,
893 2650 1036 2692 nudus
1061 2667 1152 2706 pes,
1178 2654 1272 2707 ipsa
1296 2653 1482 2701 horrida.

475 2721 732 2767 Lacrumae,
759 2722 943 2762 uestitus
967 2720 1130 2775 turpis:
1172 2730 1229 2771 ut,
1255 2724 1295 2763 ni
1322 2722 1388 2764 uis
1413 2724 1517 2765 boni

1874 431 1914 465 25

1874 1479 1914 1509 40

1874 1901 1914 1934 45

1876 2251 1914 2284 50

1875 2597 1912 2632 55
