2054 3197
191 273 248 315 74
750 253 997 289 TERENTI
1036 251 1306 287 PHORMIO.

426 384 563 427 Geta:
614 382 821 437 praesens
850 380 971 435 quod
1003 377 1145 420 fuerat
1177 377 1357 426 malum,
1392 377 1434 417 in
1468 376 1585 417 diem
1615 374 1745 418 abiit:

514 453 672 508 plagae
695 452 909 498 crescunt,

425 524 521 565 Nisi
560 521 789 577 prespicis.
843 533 960 561 nunc
994 517 1096 560 hinc
1129 518 1313 559 domum
1347 516 1420 556 ibo
1454 529 1505 556 ac
1536 514 1752 556 Phanium

512 592 728 639 edocebo,

425 663 495 705 Ne
518 661 624 718 qu1'd
651 667 857 703 uereatur
890 657 1202 700 Phdrmionem
1235 663 1311 698 aut
1335 654 1464 696 lzui'us
1495 653 1752 696 orati6nem.

685 915 921 956 DEMIPHO
1043 911 1387 952 NAVSISTRATA

737 1001 872 1027 SENEX
1148 997 1305 1022 MVLIER

310 1111 397 1152 DE.
428 1109 532 1163 Age
575 1110 695 1155 dum,
740 1105 788 1149 ut
829 1106 958 1155 soles,
997 1103 1288 1151 Nausistrata,
1324 1102 1391 1143 fac
1425 1102 1497 1143 illa
1529 1099 1576 1143 1'Jt
1607 1101 1754 1156 place·
1783 1101 1825 1142 V
1847 1111 1869 1152 3

514 1185 586 1220 tur
608 1177 747 1225 nc'Jbis,

196 1250 278 1292 785
428 1248 490 1290 Vt
531 1246 609 1289 sua
653 1247 882 1287 uoluntate
930 1245 973 1286 1'd
1024 1245 1145 1299 quod
1188 1250 1254 1284 est
1303 1240 1558 1283 faciundum
1611 1240 1754 1282 faciat.

514 1318 598 1358 NA.
634 1315 826 1357 Faciam.

312 1389 401 1430 DE.
430 1388 595 1429 Pariter
645 1399 761 1426 nunc
811 1399 948 1438 opera
1001 1398 1071 1425 me
1128 1382 1327 1431 adiuues,
1380 1396 1429 1423 ac
1483 1381 1527 1423 re'
1585 1382 1756 1422 dudum

516 1453 734 1510 opitulata
756 1469 815 1495 es.

315 1527 406 1567 NA.
438 1524 625 1566 Factum
659 1524 774 1565 uolo·
809 1537 858 1564 ac
892 1523 967 1577 pol
1001 1522 1145 1563 minus
1179 1536 1296 1576 queo
1330 1522 1410 1562 uiri
1444 1520 1589 1576 culpa,
1623 1535 1757 1576 quam

519 1609 589 1635 rne
613 1593 853 1647 dignumst.

311 1667 398 1707 DE.
429 1665 549 1718 Quid
584 1662 761 1705 autem?
804 1663 893 1704 NA.
934 1661 1052 1715 Quia
1084 1663 1161 1716 pol
1195 1661 1282 1703 mei
1315 1663 1452 1717 patris
1485 1662 1599 1702 bene
1632 1660 1758 1716 parta
1859 1675 1875 1708 5

518 1734 800 1787 indiligenter

429 1802 642 1852 Tutanum
690 1816 792 1843 nam
836 1816 888 1843 ex
931 1803 993 1842 eis
1031 1802 1223 1856 prae'diis
1257 1801 1421 1843 tale'nta
1454 1803 1624 1854 argenti
1657 1801 1762 1842 bina

200 1876 283 1918 790
433 1873 592 1916 Statim
640 1872 868 1927 capiebat:
928 1871 995 1912 uir
1052 1872 1148 1912 uiro
1207 1873 1314 1926 quid
1372 1872 1589 1926 praestat!
1676 1872 1760 1912 DE.

518 1944 658 1984 Binan
683 1942 880 1996 quae'so?

315 2015 402 2055 NA.
434 2014 504 2054 Ac
538 2014 668 2054 rebus
701 2011 930 2052 uilidribus
965 2010 1103 2052 multc')
1147 2011 1312 2052 talenta
1354 2009 1469 2051 bina.
1534 2010 1622 2051 DE.
1658 2010 1761 2051 Hui.

315 2084 406 2125 NA.
440 2082 560 2136 Quid
605 2082 713 2123 hae'c
758 2082 994 2123 uidentur?
1059 2081 1146 2121 DE.
1197 2080 1388 2122 Scilicet.
1466 2080 1553 2121 NA.
1606 2078 1763 2120 Virum

521 2166 591 2192 me
617 2159 768 2192 natum
794 2152 977 2192 uellem:

433 2222 533 2274 Ego
557 2221 850 2266 ostenderem,
884 2222 972 2261 DE.
1007 2218 1139 2261 Certc'>
1163 2220 1269 2260 scio.
1314 2219 1402 2260 ΝΑ.
1435 2233 1524 2272 quo
1549 2217 1680 2272 pacto
1713 2252 1720 2259 .
1754 2251 1762 2259 .
1845 2232 1882 2255 10

524 2291 610 2331 DE.
646 2291 780 2330 Parce
813 2289 956 2337 sddes,

433 2360 495 2400 Vt
541 2358 683 2412 pdssis
734 2373 835 2400 curn
881 2360 965 2406 illa,
1011 2358 1064 2399 ne
1106 2365 1149 2399 te
1192 2358 1452 2399 adulescens
1496 2355 1651 2398 mulier
1694 2358 1765 2398 de·

526 2428 690 2481 fetiget.

204 2501 286 2541 795
320 2500 408 2541 NA.
437 2499 615 2539 Faciam
660 2496 707 2539 ut
749 2498 886 2538 iubes.
940 2498 1018 2538 sed
1063 2495 1211 2538 meum
1255 2496 1400 2537 uirum
1443 2496 1520 2537 abs
1562 2502 1605 2537 te
1643 2494 1764 2537 exire

528 2568 674 2608 uideo.
