2054 3197
764 173 1011 208 TERENTI
1053 172 1321 207 PHORMIO.

207 187 227 227 <aa

236 187 256 216 ι»)

321 442 559 484 DEMIPHO
630 442 796 484 HEGIO
829 442 1080 484 CRATINVS
1110 441 1264 484 CRITO
1340 442 1575 484 PHORMIO
1629 442 1763 485 GETA

391 531 524 556 SENEX
782 531 997 557 ADVOCATI
1049 530 1097 555 111
1337 531 1563 557 I’ARASITVS
1615 532 1769 558 SERVOS

319 646 407 686 DE.
442 645 726 702 Entimquam
752 647 997 700 quoiquam
1021 645 1384 687 contumeliosius
1788 648 1830 688 11
1857 660 1878 700 3

435 715 641 758 Audistis
692 716 853 756 factam
908 714 1124 763 ininriam,
1170 729 1303 770 quam
1352 716 1462 756 haec
1512 716 1578 757 est
1627 717 1764 759 mihi?

202 785 283 823 :³50
433 785 605 827 Adeste
638 799 819 840 quaeso.
885 784 968 826 GE.
1014 784 1155 826 Iratus
1189 792 1265 827 est.
1312 785 1393 826 PH.
1440 785 1560 839 Quin
1594 792 1640 827 tu
1678 786 1761 827 hoc

522 869 630 909 age:

433 925 528 965 Iam
571 939 656 978 ego
700 923 817 965 hfinc
861 923 1054 977 agitabo.
1139 922 1218 978 pro
1265 925 1399 965 deum
1447 924 1762 974 inmortalium,

433 995 581 1048 Negat
643 993 858 1035 Phanium
921 1007 1017 1034 esse
1080 993 1193 1034 hanc
1247 993 1330 1035 sibi
1386 1001 1626 1048 cognatam
1677 996 1763 1036 De·
1864 1011 1881 1044 5

521 1064 705 1118 mipho?

433 1134 563 1174 Hanc
598 1133 825 1187 Demipho
859 1139 993 1186 negat
1024 1133 1121 1173 e'sse
1156 1133 1423 1186 cognatam?
1487 1133 1568 1174 GE.
1601 1135 1760 1188 Negat.

318 1204 398 1245 PH.
433 1204 592 1258 Neque
616 1202 710 1244 eius
734 1210 904 1257 patrem
936 1217 982 1243 se
1013 1202 1125 1243 scire
1156 1204 1231 1257 qui
1263 1203 1420 1244 fuerit?
1485 1203 1566 1245 GE.
1602 1204 1760 1258 Negat.

200 1273 281 1313 :555
316 1274 402 1314 DE.
436 1273 590 1327 Ipsum
614 1274 709 1313 e'sse
733 1273 893 1326 opinor
917 1273 971 1313 de
996 1286 1085 1326 quo
1111 1273 1326 1326 agebam:
1360 1274 1611 1327 sequimini.

317 1342 421 1396 [PH.
441 1343 536 1383 Nec
596 1342 878 1396 Stilphonem
935 1342 1081 1396 ipsum
1132 1343 1244 1382 scire
1300 1343 1375 1396 qui
1434 1342 1592 1384 fuerit?
1676 1343 1759 1386 GE.

519 1411 696 1466 Negat]

316 1483 397 1523 PH.
433 1482 550 1536 Quia
574 1483 708 1535 egens
734 1481 927 1523 relictast
950 1481 1121 1530 misera,
1146 1480 1374 1535 ignoratt'lr
1396 1496 1570 1536 parens,
1842 1499 1878 1521 10

430 1553 687 1605 Neclegitur
712 1553 831 1605 ipsa:
865 1550 967 1592 uide
992 1552 1175 1592 auaritia
1198 1551 1304 1605 quid
1330 1551 1443 1592 facit.

315 1622 398 1664 GE.
432 1621 479 1663 Si
503 1635 627 1663 erum
652 1620 927 1661 insimulabis
952 1620 1157 1669 malitiae,
1183 1621 1296 1661 male
1321 1620 1486 1662 aildies.

199 1693 278 1730 :300
314 1694 400 1733 DE.
433 1691 473 1733 O
506 1689 763 1732 audaciam!
811 1692 942 1731 etiam
988 1705 1057 1731 me
1100 1689 1214 1732 filtro
1259 1698 1516 1732 accusatum
1560 1690 1754 1734 aduenit.

317 1762 399 1802 PH.
435 1762 551 1802 Nam
595 1762 682 1801 iam
724 1758 998 1801 adulescenti
1042 1760 1149 1801 nihil
1193 1767 1259 1801 est
1303 1762 1424 1814 quod
1464 1762 1758 1810 suscenseam,

430 1831 475 1872 Si
510 1829 630 1872 ilh'1m
665 1831 809 1871 minus
844 1837 993 1879 norat;
1039 1829 1206 1885 quippe
1240 1830 1378 1871 homo
1413 1832 1499 1872 iam
1534 1830 1756 1886 grandior,
1840 1849 1875 1882 15

431 1901 615 1954 Pauper,
642 1901 746 1954 quoi
773 1901 814 1940 in
839 1914 974 1954 opere
999 1899 1089 1940 uita
1112 1907 1217 1949 erat,
1242 1900 1441 1949 rurisere

428 1971 486 2012 Se
509 1969 788 2019 continebat;
830 1969 888 2010 ibi
913 1984 1070 2024 agrum
1095 1971 1149 2011 de
1174 1970 1324 2012 nostro'
1348 1978 1469 2025 patre

197 2042 275 2081 :363
429 2040 678 2081 Colendum
704 2040 910 2080 habebat.
975 2041 1108 2094 sae'pe
1134 2041 1299 2081 interea
1324 2041 1429 2082 mihi
1454 2056 1592 2083 senex

427 2108 649 2150 Narrabat
673 2124 719 2149 se
743 2109 860 2150 hunc
887 2110 1120 2163 necle'gere
1145 2108 1385 2163 cognatt'im
1409 2125 1561 2152 suom:

426 2179 489 2220 At
522 2180 654 2232 que'm
690 2179 859 2219 uirum!
908 2194 1042 2234 quem
1076 2194 1161 2233 ego
1195 2179 1381 2220 uiderim
1418 2182 1458 2221 in
1493 2183 1584 2222 uita
1625 2181 1752 2237 optu-
1832 2198 1872 2222 20

515 2263 650 2289 mum.

312 2318 394 2358 GE.
428 2317 593 2358 Videas
618 2326 673 2363 te.
702 2328 836 2375 atque
862 2323 983 2363 illum
1012 2320 1106 2378 [ut]
1137 2321 1308 2364 narras!
1368 2323 1447 2363 PH.
1482 2323 1499 2362 Ι
1527 2324 1567 2363 in
1593 2322 1753 2364 malam

512 2391 715 2430 crucem!

426 2459 539 2499 Nam
586 2462 626 2501 ni
671 2462 772 2502 eum
818 2476 913 2502 esse
965 2459 1316 2506 existumassem.
1363 2476 1606 2516 numquam
1662 2461 1751 2504 tam

515 2533 660 2584 grauis

193 2600 273 2640 :370
428 2602 500 2643 Ob
525 2602 637 2643 hanc
665 2600 915 2641 {nimicitias
940 2599 1145 2654 caperem
1171 2601 1212 2640 in
1238 2607 1432 2641 nostram
1459 2600 1680 2646 familiam.

427 2671 573 2725 Quam
600 2672 633 2711 is
657 2670 917 2724 aspernatur
941 2669 1054 2711 m'lnc
1079 2677 1168 2711 tam
1194 2669 1488 2711 inliberaliter.
