2054 3197
206 207 261 257 98
771 205 1017 240 TERENTI
1059 206 1326 240 PHORMIO.

353 329 439 372 NA.
476 329 596 384 Quid
641 345 726 384 ego
766 345 910 385 aequo
950 332 1127 372 animo?
1171 330 1303 385 cupio
1337 331 1497 371 misera
1529 331 1572 371 in
1604 329 1687 372 haic
1721 345 1765 372 re

557 401 643 441 iam
667 398 921 454 defimgiem

473 469 560 512 Sed
585 470 659 524 qui
685 469 731 511 id
754 475 958 525 sperem?
986 469 1129 512 aetate
1152 483 1286 524 porro
1311 468 1454 509 minus
1477 468 1766 523 peccaturum

555 544 738 594 putem?

471 607 566 650 Iam
598 616 693 650 tum
727 616 820 650 erat
852 610 1000 657 senex,
1032 615 1236 651 senectus
1269 607 1306 649 s1'
1340 605 1616 649 uerecundes
1649 607 1764 650 facit.

469 670 542 719 Ᾰῐι
587 692 685 719 mea
728 678 869 719 forma
913 686 1044 733 atque
1079 679 1198 719 aetas
1232 691 1346 718 nunc
1380 678 1522 731 magis
1553 677 1763 731 expeten-

556 749 667 797 dast,
690 748 949 802 Demipho?

209 818 318 858 1025
471 817 592 871 Quid
636 819 693 858 mi
732 818 802 858 hic
839 817 997 866 adfers,
1035 831 1168 871 quam
1206 815 1263 857 eb
1297 830 1388 857 rem
1422 822 1658 870 expectem
1693 823 1768 857 aut

557 888 731 941 sperem
756 901 890 941 porro
915 885 1000 927 nen
1025 886 1146 927 fore?

353 956 437 997 PH.
473 948 725 1011 Exsequias
776 956 1002 998 Chremeti
1047 956 1209 1010 quibus
1251 962 1317 996 est
1360 953 1647 996 cc3mm0dum
1691 955 1765 1002 ire,

557 1041 626 1067 em
650 1027 825 1081 tempus
849 1033 926 1067 est.

471 1094 542 1137 Sic
585 1096 726 1136 dabo:
775 1109 857 1149 age
899 1109 1030 1143 nunc,
1071 1093 1384 1135 Phermionem
1428 1092 1504 1148 qui
1546 1094 1668 1135 uolet
1709 1093 1768 1134 la-

557 1165 740 1206 cessito:

470 1233 596 1276 Faxo
638 1235 712 1275 tali
755 1233 810 1276 sit
853 1241 1070 1276 mactatus
1112 1233 1249 1288 atque
1292 1233 1364 1275 hic
1407 1240 1473 1274 est
1511 1230 1764 1274 infortunio.

352 1306 442 1348 DE.
478 1306 500 1327 *
523 1293 712 1355 O'bsecro,
737 1320 788 1346 ne
807 1307 894 1346 ta'm
911 1306 1117 1346 saevieris
1137 1305 1283 1346 minue
1299 1305 1413 1346 iram
1432 1303 1740 1346 Nausistrata.

352 1376 436 1417 PH.
472 1376 645 1417 Redeat
686 1389 790 1416 sane
833 1375 876 1415 in
919 1374 1105 1428 gratiam
1149 1375 1258 1415 iam:
1317 1372 1508 1428 supplici
1551 1373 1655 1414 satis
1697 1373 1762 1415 est

529 1445 649 1486 mihi.

204 1514 314 1555 1030
466 1512 614 1554 Habet
650 1513 760 1554 haec
793 1517 834 1554 e'1'
867 1511 999 1567 qued,
1033 1513 1139 1554 dum
1174 1513 1308 1560 uiuat,
1345 1510 1485 1567 lisque
1519 1511 1574 1552 ad
1609 1525 1759 1551 aurem

552 1581 809 1636 obganniat.

346 1653 431 1694 NA.
466 1644 530 1693 Ᾱῖ
563 1667 662 1692 meo
696 1653 854 1692 merito
887 1652 1034 1693 credo.
1070 1651 1177 1706 quid
1214 1665 1299 1705 ego
1335 1649 1450 1692 m'mc
1484 1664 1759 1692 commemo-

551 1736 655 1768 rem,
680 1721 922 1775 Demipho,

464 1791 744 1844 Singulatim,
769 1789 910 1845 qualis
934 1804 1019 1844 ego
1052 1791 1094 1831 in
1128 1790 1245 1831 hunc
1278 1789 1464 1832 fuerim?
1528 1791 1616 1832 DE.
1641 1791 1760 1832 Noui

550 1875 689 1914 aeque
711 1859 861 1901 emnia

461 1932 643 1972 Tecum.
727 1931 813 1970 NA.
869 1930 1032 1971 Merito
1075 1929 1160 1971 hoc
1205 1928 1305 1971 mee
1347 1931 1524 1971 uidetur
1564 1928 1759 1971 factum?

550 2002 637 2042 DE.
672 2001 873 2041 Minume
897 2001 1108 2054 gentium.

461 2071 626 2112 Verum
672 2070 758 2111 iam
801 2070 981 2124 quando
1014 2068 1268 2111 accusando
1302 2069 1394 2111 fieri
1427 2069 1639 2110 infectum
1674 2068 1760 2110 nen

551 2147 710 2194 potest,

203 2211 311 2252 1035
465 2200 677 2263 ignosce:
717 2218 813 2251 orat
837 2209 1071 2252 cenfitetur
1094 2209 1275 2265 purgat:
1315 2210 1420 2264 quid
1446 2210 1511 2250 uis
1541 2208 1759 2264 amplius?

348 2281 428 2321 Pu.
468 2271 598 2319 Enim
643 2294 749 2319 uero
795 2281 915 2334 prius
960 2295 1093 2334 quam
1139 2280 1247 2320 haec
1298 2280 1374 2320 dat
1419 2280 1609 2327 ueniam,
1653 2278 1759 2319 mihi

551 2351 820 2403 prospiciam
846 2358 889 2391 et
912 2350 1166 2391 Phaedriae.

466 2417 590 2459 Heus
654 2418 943 2466 Nausistrata,
999 2420 1118 2472 prius
1172 2433 1305 2473 quam
1360 2418 1461 2459 huic
1516 2416 1758 2472 respendes

551 2495 730 2535 temere,
755 2488 869 2529 audi.
935 2489 1022 2529 NA.
1058 2488 1178 2541 Quid
1201 2493 1295 2529 est?

347 2558 430 2600 PH.
468 2549 567 2611 Iffgo
604 2559 742 2598 minas
775 2557 954 2611 triginta
985 2571 1063 2611 per
1097 2556 1314 2598 fallaciam
1343 2557 1397 2597 ab
1435 2557 1534 2597 illoc
1569 2555 1754 2597 abstuli:

466 2627 553 2668 Ez'is
597 2628 697 2668 dedi
741 2635 819 2668 tuo
862 2626 1020 2681 gnato:
1080 2627 1114 2667 is
1162 2641 1243 2681 pro
1290 2640 1368 2667 sua
1418 2625 1559 2666 amica
1609 2624 1759 2667 lenoni

551 2698 685 2738 dedit.

662 2774 683 2794 *
706 2774 851 2805 Versum
868 2774 1042 2814 suppleuit
1060 2774 1129 2805 Iac.
1148 2774 1201 2804 Br.
1221 2773 1430 2805 Gronouius.

1840 689 1881 724 35

1836 1388 1879 1419 40

1837 2085 1878 2118 45

1838 2640 1877 2673 50
