2054 3197
207 223 288 253 100
766 210 1012 245 TERENTI
1052 209 1319 244 PHORMIO.

202 337 312 377 1040
348 335 434 378 CH.
468 336 600 385 He'rn,
635 337 739 391 quid
775 341 866 378 ars?
929 336 1016 378 NA.
1059 333 1249 377 Adeo'ne
1283 334 1516 388 indignum
1553 333 1640 375 hoc
1681 332 1761 375 tibi

551 407 736 454 uidetur,
761 405 876 446 filius

465 474 614 516 Homo
638 476 900 516 adulescens
923 473 959 516 si
981 474 1117 515 habet
1139 487 1272 515 unam
1296 471 1499 522 amicam,
1522 479 1568 514 tu
1598 473 1760 514 uxore's

549 546 687 586 duas?

460 614 535 655 Nss
568 615 767 669 pudere?
811 628 901 668 quo
933 612 1008 654 ore
1043 613 1165 653 illum
1208 610 1495 666 obiurgabis?
1538 611 1759 666 responde

550 685 670 725 mihi.

346 754 432 795 DE.
465 753 617 795 Faciet
659 760 706 794 ut
749 753 884 794 uoles.
949 753 1037 794 NA.
1084 752 1230 792 Immo
1266 758 1314 793 ut
1349 765 1494 792 meam
1528 749 1614 791 iam
1647 751 1759 792 scias

548 824 824 870 sententiam,

460 893 618 947 Ne'que
674 907 759 946 ego
815 893 998 945 ignosco
1057 891 1200 945 ne'que
1252 890 1466 945 promitto
1518 888 1758 944 quicquam
1838 904 1875 938 55

547 976 692 1016 neque
717 961 966 1015 respondeo

199 1031 308 1072 1045
461 1031 583 1072 Prius
626 1046 760 1086 quam
805 1038 989 1084 gnatum
1048 1029 1226 1071 uidero:
1285 1030 1379 1070 eius
1437 1028 1602 1071 iudicio
1660 1043 1759 1084 per-

547 1102 673 1142 mitto
696 1100 856 1142 omnia.

459 1170 593 1224 Quod
638 1172 670 1211 is
715 1171 885 1211 iubebit
927 1168 1098 1210 faciam.
1163 1169 1246 1210 PH.
1293 1168 1455 1214 Mulier
1486 1167 1664 1224 sapiens
1697 1183 1756 1218 es,

546 1239 836 1281 Nausistrata.

341 1311 428 1351 NA.
463 1310 585 1352 Satin
629 1312 778 1352 tibist?
840 1310 931 1352 DE.
974 1310 1059 1351 Ita.
1125 1308 1202 1352 CH.
1248 1300 1393 1351 smmo
1433 1324 1539 1351 uero
1573 1308 1756 1364 pulchre

546 1381 728 1421 discedo
752 1382 794 1422 e't
818 1382 957 1434 probe
1246 1380 1249 1382 ’

459 1441 517 1491 Et
556 1458 731 1504 praeter
763 1465 902 1505 spem.
967 1451 1054 1493 NA.
1088 1450 1154 1492 Tu
1187 1458 1313 1493 tuom
1347 1464 1510 1492 nomen
1544 1449 1615 1491 dic
1649 1449 1756 1491 mihi

546 1521 652 1574 quid
677 1520 747 1562 sit.
814 1521 897 1561 PH.
935 1519 1166 1562 Phormio:

456 1589 643 1631 Vostrae
688 1590 876 1631 familiae
919 1591 1066 1632 he'rcle
1115 1592 1284 1632 amicus
1333 1591 1376 1632 e't
1427 1598 1503 1632 tuo
1554 1604 1754 1632 summus
1831 1594 1873 1628 60

545 1659 798 1700 Phaedriae.

197 1730 306 1771 1050
340 1730 426 1770 NA.
462 1728 684 1777 Phormio,
709 1737 752 1771 at
782 1744 867 1783 ego
897 1729 1071 1772 ecastor
1097 1730 1286 1786 posthac
1315 1730 1394 1772 tibi
1426 1731 1548 1785 quod
1582 1737 1753 1785 potero,

543 1799 660 1853 quo'd
688 1800 811 1840 uoles

457 1868 728 1923 Faciamque
762 1877 804 1910 et
837 1868 994 1912 dicam.
1042 1871 1125 1911 PH.
1165 1871 1364 1924 Benigne
1398 1869 1519 1911 dicis.
1553 1870 1642 1911 NA.
1677 1870 1755 1911 Pol

544 1937 792 1980 meritumst
813 1947 952 1981 tuom.

339 2009 421 2049 PH.
455 2008 542 2048 Vin
588 2009 780 2062 primum
831 2009 965 2050 hodie
1015 2009 1158 2051 facere
1205 2011 1326 2064 quod
1381 2024 1466 2064 ego
1521 2008 1752 2063 gaudeam,

543 2077 832 2126 Nausistrata,

458 2139 515 2188 Et
553 2148 674 2200 quod
708 2155 784 2188 tuo
819 2149 914 2189 uiro
948 2147 1062 2190 oculi
1097 2149 1305 2190 doleant?
1350 2149 1438 2190 NA.
1475 2147 1632 2203 Cupio.
1669 2149 1747 2190 PH.

546 2217 620 2257 Me
644 2218 698 2257 ad
724 2216 876 2258 centini
903 2232 1028 2260 uoca.

339 2286 425 2327 NA.
463 2285 535 2326 Pol
565 2300 670 2327 uero
702 2301 830 2328 uoco.
897 2289 984 2328 DE.
1020 2287 1186 2329 Eamus
1222 2289 1334 2330 intro
1370 2288 1484 2330 hinc.
1519 2289 1603 2329 NA.
1637 2287 1748 2329 Fiat.
1829 2293 1868 2335 65

544 2357 620 2396 sed
646 2356 763 2397 ubist
788 2357 1001 2398 Phaedria

198 2426 304 2466 1055
458 2423 600 2466 Iudex
628 2431 804 2467 noster?
850 2427 931 2468 PH.
968 2428 1060 2468 Iam
1092 2426 1162 2469 hic
1197 2427 1300 2469 faxo
1335 2427 1486 2469 aderit.
1554 2425 1750 2469 Camoae.

543 2494 634 2537 Vos
659 2497 801 2537 ualete
826 2504 868 2538 et
891 2495 1100 2551 plaudite.
